{
  "ticker": "000002.SZ",
  "company_name": "万科A",
  "report_date": "2025-12-05",
  "logs": [
    "DataLoadAgent -> lookup financial statements",
    "Loaded cached statements from SQLite.",
    "PriceEnrichAgent -> fetch recent price/volume window",
    "PriceEnrichAgent -> cached 81 price rows from TuShare",
    "QuantMetricsAgent -> compute growth and ratios",
    "NewsSentimentAgent -> fetch and summarize latest public news (MapReduce)",
    "ValuationAgent -> execute DCF and peer comparisons",
    "NarrativeAgent -> generate structured sections via Gemini",
    "RiskCatalystAgent -> request qualitative analysis from Gemini",
    "ReviewerAgent -> cross-check narratives vs data",
    "ChartBuilder -> saved chart to /mnt/d/Work/A Stock Agent/CodexEnv/reports/charts/000002.SZ_price.png",
    "ChartBuilder -> saved chart to /mnt/d/Work/A Stock Agent/CodexEnv/reports/charts/000002.SZ_revenue_netincome.png",
    "WritingAgent -> render Markdown output",
    "QAAgent -> verify mandatory sections before exit",
    "QAAgent -> flagged negative intrinsic vs positive price (warning only)",
    "PostRun -> re-rendering Markdown to include QA/Review summaries",
    "WritingAgent -> render Markdown output"
  ],
  "errors": [],
  "extras": {
    "price_window_days": 120,
    "price_points": 81,
    "last_trade_date": "20251205",
    "price_stats": {
      "min_close": 4.95,
      "max_close": 7.16,
      "avg_close": 6.408641975308642
    },
    "narrative_raw": [
      "```json\n{\n  \"company_intro\": \"万科企业股份有限公司（000002.SZ）是中国领先的房地产开发商之一，业务涵盖房地产开发、物业服务及多元化经营。公司具有混合所有制背景，深圳市地铁集团为其大股东。当前，万科正面临严峻的经营与流动性挑战。近期，公司首次寻求公开市场债务展期，导致信用评级被下调至“CCC-”级别，市场对其偿债能力的担忧急剧升温。尽管经营服务业务保持稳定，但核心的开发业务承受巨大压力，导致公司整体陷入亏损。公司正处于消化历史负担、应对行业深度调整的关键时期，未来发展充满不确定性。\",\n  \"industry_analysis\": \"中国房地产行业正经历深刻的结构性调整，告别过去高杠杆、高周转的“三高”模式。市场整体面临需求疲软、房价下行和消费者信心不足的困境，导致房企销售普遍下滑，流动性压力加剧。行业出清加速，部分企业已出现债务违约或重组。万科作为行业龙头，其近期遭遇的债务困境和经营亏损，反映了即便是头部优质房企也难以幸免于本轮行业下行周期的系统性风险。政策支持虽有出台，但市场信心的恢复仍需时间，行业短期内仍将处于筑底阶段，企业生存与转型能力面临极大考验。\",\n  \"growth_analysis\": \"公司增长面临严重挑战，增长引擎熄火。根据2025年三季报数据，公司营业收入同比大幅下滑26.6%，与过去近十年20.7%的营收复合年增长率形成鲜明反差。盈利能力急剧恶化，前三季度归母净亏损高达280.2亿元，显示主营业务已无法产生正向利润。尽管经营服务业务（物业、商业等）收入同比微增1.1%，展现了一定韧性，但其规模远不足以弥补房地产开发业务的巨额亏损和现金流缺口。整体来看，公司已从增长阶段转入收缩和战略防御阶段，短期内难见增长拐点。\",\n  \"financial_analysis\": \"公司财务状况已极度紧张，陷入流动性危机。截至2025年三季度末的TTM数据显示，公司营业利润率与净利润率分别为-13.1%和-14.5%，已严重亏损。利息保障倍数为-2.61，表明息税前利润远不足以覆盖利息支出，偿债压力巨大。速动比率仅为0.60，显示短期偿债能力堪忧。这些数据与近期事件高度吻合：公司首次寻求债务展期、信用评级被标普下调至“CCC-”并列入负面观察名单。此外，经营活动现金流与自由现金流均为负值，表明公司经营持续“失血”，其财务可持续性高度依赖外部融资及资产处置。\",\n  \"valuation_analysis\": \"当前估值反映了市场的极度悲观预期。截至2025年12月5日，公司股价为4.95元，已触及近十年新低。由于公司处于严重亏损状态，市盈率（PE）等传统估值指标已失效。基于现金流贴现（DCF）模型的测算，公司的内在价值为-22.74元，表明在当前经营和债务压力下，其未来预期现金流无法支撑现有股权价值，甚至为负。这一结果与标普认为其债务可能无法偿还的判断相符。目前股价的任何支撑均来自对公司重组成功或获得超预期外部支持的博弈，而非基本面驱动，投资风险极高。\",\n  \"core_viewpoints\": \"核心观点：1）陷入严重债务危机：公司首次寻求公开债展期，信用评级被下调至接近违约的“CCC-”级，多只债券价格暴跌，流动性风险已全面暴露。2）主业经营严重恶化：前三季度巨亏280.2亿元，营收同比下降超26%，核心开发业务持续“失血”，盈利能力和现金创造能力丧失。3）股东支持面临考验：虽有大股东深铁集团提供借款，但公司仍走向市场化债务展期，表明外部“输血”的范围和力度或有限，未来更需依靠自身化债。4）估值已无基本面支撑：DCF估值结果为负，股价处于历史低位，反映市场对其生存能力的极度担忧，投资已沦为高风险博弈。\"\n}\n```"
    ]
  },
  "stage_order": [
    "ingest_financials",
    "enrich_market",
    "quant_metrics",
    "news_fetch_mapreduce",
    "qual_research",
    "valuation",
    "narrative",
    "risk",
    "reviewer",
    "chart_builder",
    "writing",
    "qa"
  ],
  "financials": {
    "ticker": "000002.SZ",
    "income_statements": [
      {
        "ticker": "000002.SZ",
        "period": "2025-09-30",
        "statement_type": "IS",
        "metrics": {
          "cogs": 145920289137.58,
          "ebit": -1649179428.92,
          "interest_expense": 5066422781.37,
          "net_income": -28236658916.01,
          "operating_income": -24063535110.64,
          "rd_expense": 345237221.56,
          "revenue": 161388415447.04,
          "sga_expense": 4821132522.6
        },
        "frequency": null,
        "update_flag": null,
        "announced_date": null
      },
      {
        "ticker": "000002.SZ",
        "period": "2025-06-30",
        "statement_type": "IS",
        "metrics": {
          "cogs": 94824543347.23,
          "ebit": -4728460908.92,
          "ebitda": 577981998.01,
          "interest_expense": 3430376050.38,
          "net_income": -10864982511.25,
          "operating_income": -8824014899.75,
          "rd_expense": 215562268.18,
          "revenue": 105323304409.14,
          "sga_expense": 3164104662.92
        },
        "frequency": null,
        "update_flag": null,
        "announced_date": null
      },
      {
        "ticker": "000002.SZ",
        "period": "2025-03-31",
        "statement_type": "IS",
        "metrics": {
          "cogs": 35676863952.73,
          "ebit": -2374087951.1,
          "interest_expense": 2030007161.48,
          "net_income": -6415198525.25,
          "operating_income": -6660816845.9,
          "rd_expense": 106168670.24,
          "revenue": 37994649925.08,
          "sga_expense": 1059008117.34
        },
        "frequency": null,
        "update_flag": null,
        "announced_date": null
      },
      {
        "ticker": "000002.SZ",
        "period": "2024-12-31",
        "statement_type": "IS",
        "metrics": {
          "cogs": 308264871439.5,
          "ebit": -34192502689.59,
          "ebitda": -25470816649.44,
          "interest_expense": 5938735987.29,
          "net_income": -48703934402.33,
          "operating_income": -45643796280.61,
          "rd_expense": 507843764.61,
          "revenue": 343176440712.96,
          "sga_expense": 10383570472.95
        },
        "frequency": null,
        "update_flag": null,
        "announced_date": null
      },
      {
        "ticker": "000002.SZ",
        "period": "2024-09-30",
        "statement_type": "IS",
        "metrics": {
          "cogs": 199000132929.58,
          "ebit": -6257924376.91,
          "interest_expense": 3924941874.96,
          "net_income": -16398110547.69,
          "operating_income": -14667239397.41,
          "rd_expense": 369334172.16,
          "revenue": 219894827698.98,
          "sga_expense": 6475307307.23
        },
        "frequency": null,
        "update_flag": null,
        "announced_date": null
      },
      {
        "ticker": "000002.SZ",
        "period": "2024-06-30",
        "statement_type": "IS",
        "metrics": {
          "cogs": 131192038083.51,
          "ebit": -4599120309.19,
          "ebitda": -165241834.88,
          "interest_expense": 2204759370.04,
          "net_income": -8520745012.81,
          "operating_income": -7728229035.4,
          "rd_expense": 226873088.35,
          "revenue": 142778764079.8,
          "sga_expense": 4105721430.17
        },
        "frequency": null,
        "update_flag": null,
        "announced_date": null
      },
      {
        "ticker": "000002.SZ",
        "period": "2024-03-31",
        "statement_type": "IS",
        "metrics": {
          "cogs": 54928689328.12,
          "ebit": 734087201.8,
          "interest_expense": 1092247233.58,
          "net_income": 331290344.62,
          "operating_income": 679768746.05,
          "rd_expense": 138118210.95,
          "revenue": 61594149065.84,
          "sga_expense": 1633074419.45
        },
        "frequency": null,
        "update_flag": null,
        "announced_date": null
      },
      {
        "ticker": "000002.SZ",
        "period": "2023-12-31",
        "statement_type": "IS",
        "metrics": {
          "cogs": 394783859517.79,
          "ebit": 29927726277.57,
          "ebitda": 39008521020.25,
          "interest_expense": 3714825488.38,
          "net_income": 20455558414.74,
          "operating_income": 29251702064.41,
          "rd_expense": 535987748.16,
          "revenue": 465739076702.23,
          "sga_expense": 12272115679.08
        },
        "frequency": null,
        "update_flag": null,
        "announced_date": null
      },
      {
        "ticker": "000002.SZ",
        "period": "2023-09-30",
        "statement_type": "IS",
        "metrics": {
          "cogs": 239270394543.29,
          "ebit": 28159588847.56,
          "interest_expense": 2765585631.94,
          "net_income": 21027345000.6,
          "operating_income": 28212424140.19,
          "rd_expense": 444233533.07,
          "revenue": 290308491288.95,
          "sga_expense": 7368570295.73
        },
        "frequency": null,
        "update_flag": null,
        "announced_date": null
      },
      {
        "ticker": "000002.SZ",
        "period": "2023-06-30",
        "statement_type": "IS",
        "metrics": {
          "cogs": 162991174494.47,
          "ebit": 20721152003.66,
          "ebitda": 24095432653.37,
          "interest_expense": 2406893865.28,
          "net_income": 15168214330.75,
          "operating_income": 20335189196.5,
          "rd_expense": 284233312.72,
          "revenue": 200892590067.22,
          "sga_expense": 4653530710.26
        },
        "frequency": null,
        "update_flag": null,
        "announced_date": null
      },
      {
        "ticker": "000002.SZ",
        "period": "2023-03-31",
        "statement_type": "IS",
        "metrics": {
          "cogs": 57896604145.98,
          "ebit": 4425222188.79,
          "interest_expense": 1236814366.4,
          "net_income": 2833713594.33,
          "operating_income": 4091132174.69,
          "rd_expense": 152033138.04,
          "revenue": 68474007399.21,
          "sga_expense": 1718423000.55
        },
        "frequency": null,
        "update_flag": null,
        "announced_date": null
      },
      {
        "ticker": "000002.SZ",
        "period": "2022-12-31",
        "statement_type": "IS",
        "metrics": {
          "cogs": 405319286979.64,
          "ebit": 50510756803.85,
          "ebitda": 59810718967.76,
          "interest_expense": 2615174791.68,
          "net_income": 37550909305.14,
          "operating_income": 52006935659.54,
          "rd_expense": 685861706.94,
          "revenue": 503838367358.76,
          "sga_expense": 12412367172.83
        },
        "frequency": null,
        "update_flag": null,
        "announced_date": null
      },
      {
        "ticker": "000002.SZ",
        "period": "2022-09-30",
        "statement_type": "IS",
        "metrics": {
          "cogs": 271390325144.22,
          "ebit": 37757495017.42,
          "interest_expense": 1200021907.61,
          "net_income": 27244596166.41,
          "operating_income": 37447020773.47,
          "rd_expense": 442400750.32,
          "revenue": 337673241644.89,
          "sga_expense": 7838553223.25
        },
        "frequency": null,
        "update_flag": null,
        "announced_date": null
      },
      {
        "ticker": "000002.SZ",
        "period": "2022-06-30",
        "statement_type": "IS",
        "metrics": {
          "cogs": 164571068958.23,
          "ebit": 23814327574.1,
          "ebitda": 28126138129.96,
          "interest_expense": 223723514.69,
          "net_income": 18102741280.26,
          "operating_income": 24237684886.65,
          "rd_expense": 289496407.41,
          "revenue": 206916289449.72,
          "sga_expense": 4831668605.16
        },
        "frequency": null,
        "update_flag": null,
        "announced_date": null
      },
      {
        "ticker": "000002.SZ",
        "period": "2022-03-31",
        "statement_type": "IS",
        "metrics": {
          "cogs": 50838801917.89,
          "ebit": 4764032572.52,
          "interest_expense": 1381153783.27,
          "net_income": 2786996479.75,
          "operating_income": 3969817760.18,
          "rd_expense": 147724428.42,
          "revenue": 62667074774.2,
          "sga_expense": 1829061634.97
        },
        "frequency": null,
        "update_flag": null,
        "announced_date": null
      },
      {
        "ticker": "000002.SZ",
        "period": "2021-12-31",
        "statement_type": "IS",
        "metrics": {
          "cogs": 353977137972.14,
          "ebit": 50670881383.35,
          "ebitda": 58734201369.98,
          "interest_expense": 4383823853.73,
          "net_income": 38069527018.02,
          "operating_income": 52530997237.25,
          "rd_expense": 642366251.89,
          "revenue": 452797773974.14,
          "sga_expense": 12808639133.72
        },
        "frequency": null,
        "update_flag": null,
        "announced_date": null
      },
      {
        "ticker": "000002.SZ",
        "period": "2021-09-30",
        "statement_type": "IS",
        "metrics": {
          "cogs": 211492085577.93,
          "ebit": 32355791782.66,
          "interest_expense": 3331385941.05,
          "net_income": 24604349453.41,
          "operating_income": 32935474499.19,
          "rd_expense": 370464654.15,
          "revenue": 271485774926.48,
          "sga_expense": 7282560631.22
        },
        "frequency": null,
        "update_flag": null,
        "announced_date": null
      },
      {
        "ticker": "000002.SZ",
        "period": "2021-06-30",
        "statement_type": "IS",
        "metrics": {
          "cogs": 128775220493.44,
          "ebit": 20848456714.11,
          "ebitda": 24542699902.65,
          "interest_expense": 1747208767.76,
          "net_income": 16173518847.56,
          "operating_income": 21987575040.06,
          "rd_expense": 252777748.82,
          "revenue": 167110935244.56,
          "sga_expense": 4303557044.27
        },
        "frequency": null,
        "update_flag": null,
        "announced_date": null
      },
      {
        "ticker": "000002.SZ",
        "period": "2021-03-31",
        "statement_type": "IS",
        "metrics": {
          "cogs": 49555748273.78,
          "ebit": 5107327429.38,
          "interest_expense": 1588675364.39,
          "net_income": 2507050675.82,
          "operating_income": 4045196796.35,
          "rd_expense": 127449412.01,
          "revenue": 62264095939.36,
          "sga_expense": 1881782055.82
        },
        "frequency": null,
        "update_flag": null,
        "announced_date": null
      },
      {
        "ticker": "000002.SZ",
        "period": "2020-12-31",
        "statement_type": "IS",
        "metrics": {
          "cogs": 296540687975.27,
          "ebit": 71538160069.64,
          "ebitda": 78523066208.76,
          "interest_expense": 5145102736.17,
          "net_income": 59298116444.53,
          "operating_income": 79958642103.88,
          "rd_expense": 665687472.79,
          "revenue": 419111677714.12,
          "sga_expense": 10636899699.87
        },
        "frequency": null,
        "update_flag": null,
        "announced_date": null
      },
      {
        "ticker": "000002.SZ",
        "period": "2020-09-30",
        "statement_type": "IS",
        "metrics": {
          "cogs": 169195782461.98,
          "ebit": 38592967370.99,
          "interest_expense": 4797315139.55,
          "net_income": 30071542918.04,
          "operating_income": 42153893183.32,
          "rd_expense": 394374362.44,
          "revenue": 241491467190.53,
          "sga_expense": 5803606153.27
        },
        "frequency": null,
        "update_flag": null,
        "announced_date": null
      },
      {
        "ticker": "000002.SZ",
        "period": "2020-06-30",
        "statement_type": "IS",
        "metrics": {
          "cogs": 99797287406.09,
          "ebit": 27154171873.84,
          "ebitda": 30347199107.89,
          "interest_expense": 3309138508.55,
          "net_income": 18629194388.09,
          "operating_income": 26563983478.45,
          "rd_expense": 276948703.74,
          "revenue": 146349506729.71,
          "sga_expense": 3184894608.01
        },
        "frequency": null,
        "update_flag": null,
        "announced_date": null
      },
      {
        "ticker": "000002.SZ",
        "period": "2020-03-31",
        "statement_type": "IS",
        "metrics": {
          "cogs": 32832719446.73,
          "ebit": 5209231691.86,
          "interest_expense": 2259880934.52,
          "net_income": 2430274852.9,
          "operating_income": 4823237263.08,
          "rd_expense": 91503370.81,
          "revenue": 47774342784.96,
          "sga_expense": 1241137605.25
        },
        "frequency": null,
        "update_flag": null,
        "announced_date": null
      },
      {
        "ticker": "000002.SZ",
        "period": "2019-12-31",
        "statement_type": "IS",
        "metrics": {
          "cogs": 234550332806.05,
          "ebit": 77955218894.03,
          "ebitda": 84260821062.74,
          "interest_expense": 5735941711.58,
          "net_income": 55131614572.09,
          "operating_income": 76613136041.54,
          "rd_expense": 1066676028.92,
          "revenue": 367893877538.94,
          "sga_expense": 9044496840.07
        },
        "frequency": null,
        "update_flag": null,
        "announced_date": null
      },
      {
        "ticker": "000002.SZ",
        "period": "2019-09-30",
        "statement_type": "IS",
        "metrics": {
          "cogs": 143327135634.62,
          "ebit": 41861097558.53,
          "interest_expense": 4825228689.24,
          "net_income": 28590417007.79,
          "operating_income": 41960924164.13,
          "rd_expense": 537218731.17,
          "revenue": 223914757487.12,
          "sga_expense": 5313612259.04
        },
        "frequency": null,
        "update_flag": null,
        "announced_date": null
      },
      {
        "ticker": "000002.SZ",
        "period": "2019-06-30",
        "statement_type": "IS",
        "metrics": {
          "cogs": 88823086295.55,
          "ebit": 29834554755.21,
          "ebitda": 32924825809.15,
          "interest_expense": 3227583374.38,
          "net_income": 19285677369.24,
          "operating_income": 27855979909.3,
          "rd_expense": 429777726.92,
          "revenue": 139320076841.33,
          "sga_expense": 3186523909.51
        },
        "frequency": null,
        "update_flag": null,
        "announced_date": null
      },
      {
        "ticker": "000002.SZ",
        "period": "2019-03-31",
        "statement_type": "IS",
        "metrics": {
          "cogs": 31422241430.86,
          "ebit": 6060672586.12,
          "interest_expense": 1841740626.81,
          "net_income": 3205934375.29,
          "operating_income": 5885526191.83,
          "rd_expense": 118992200.16,
          "revenue": 48374630775.09,
          "sga_expense": 1371392084.53
        },
        "frequency": null,
        "update_flag": null,
        "announced_date": null
      },
      {
        "ticker": "000002.SZ",
        "period": "2018-12-31",
        "statement_type": "IS",
        "metrics": {
          "cogs": 186104224241.81,
          "ebit": 67872739402.26,
          "ebitda": 70794675573.26,
          "interest_expense": 5998574652.64,
          "net_income": 49272294534.61,
          "operating_income": 67498612522.27,
          "rd_expense": 946064361.26,
          "revenue": 297679331103.19,
          "sga_expense": 7868075611.02
        },
        "frequency": null,
        "update_flag": null,
        "announced_date": null
      },
      {
        "ticker": "000002.SZ",
        "period": "2018-09-30",
        "statement_type": "IS",
        "metrics": {
          "cogs": 114832332139.32,
          "ebit": 33847929517.59,
          "interest_expense": 4629764384.36,
          "net_income": 21797798192.69,
          "operating_income": 31654122861.83,
          "rd_expense": 375153269.41,
          "revenue": 176022139199.75,
          "sga_expense": 4485487066.26
        },
        "frequency": null,
        "update_flag": null,
        "announced_date": null
      },
      {
        "ticker": "000002.SZ",
        "period": "2018-06-30",
        "statement_type": "IS",
        "metrics": {
          "cogs": 69479913436.33,
          "ebit": 21737483127.68,
          "ebitda": 23010244999.14,
          "interest_expense": 2332376581.38,
          "net_income": 13522600620.31,
          "operating_income": 19629139535.89,
          "revenue": 105974537269.94,
          "sga_expense": 2808312262.36
        },
        "frequency": null,
        "update_flag": null,
        "announced_date": null
      },
      {
        "ticker": "000002.SZ",
        "period": "2018-03-31",
        "statement_type": "IS",
        "metrics": {
          "cogs": 20291895150.26,
          "ebit": 4487114078.89,
          "interest_expense": 1040042779.76,
          "net_income": 1779485774.48,
          "operating_income": 2971064333.17,
          "revenue": 30825615283.99,
          "sga_expense": 1276146543.21
        },
        "frequency": null,
        "update_flag": null,
        "announced_date": null
      },
      {
        "ticker": "000002.SZ",
        "period": "2017-12-31",
        "statement_type": "IS",
        "metrics": {
          "cogs": 160079915903.43,
          "ebit": 46722645194.94,
          "ebitda": 48651683276.95,
          "interest_expense": 2075256781.28,
          "net_income": 37208387330.07,
          "operating_income": 50812916408.4,
          "revenue": 242897110250.52,
          "sga_expense": 6261981320.76
        },
        "frequency": null,
        "update_flag": null,
        "announced_date": null
      },
      {
        "ticker": "000002.SZ",
        "period": "2017-09-30",
        "statement_type": "IS",
        "metrics": {
          "cogs": 79943369965.46,
          "ebit": 18724246455.69,
          "interest_expense": 1326132832.36,
          "net_income": 14816527230.91,
          "operating_income": 20687675083.97,
          "revenue": 117100503696.73,
          "sga_expense": 3658524431.78
        },
        "frequency": null,
        "update_flag": null,
        "announced_date": null
      },
      {
        "ticker": "000002.SZ",
        "period": "2017-06-30",
        "statement_type": "IS",
        "metrics": {
          "cogs": 47015024669.37,
          "ebit": 12860092713.01,
          "ebitda": 13762306978.78,
          "interest_expense": 718281887.4,
          "net_income": 10052989450.35,
          "operating_income": 13661653665.83,
          "revenue": 69810477567.49,
          "sga_expense": 2102697423.47
        },
        "frequency": null,
        "update_flag": null,
        "announced_date": null
      },
      {
        "ticker": "000002.SZ",
        "period": "2017-03-31",
        "statement_type": "IS",
        "metrics": {
          "cogs": 13048871982.5,
          "ebit": 1703072659.7,
          "interest_expense": 369810863.19,
          "net_income": 1109170821.05,
          "operating_income": 1559008233.09,
          "revenue": 18589228819.05,
          "sga_expense": 1008335412.33
        },
        "frequency": null,
        "update_flag": null,
        "announced_date": null
      },
      {
        "ticker": "000002.SZ",
        "period": "2016-12-31",
        "statement_type": "IS",
        "metrics": {
          "cogs": 169742403431.77,
          "ebit": 35659033227.1,
          "ebitda": 36807665325.76,
          "interest_expense": 1592067967.14,
          "net_income": 28350255480.66,
          "operating_income": 39023778797.86,
          "revenue": 240477236923.34,
          "sga_expense": 5160715903.6
        },
        "frequency": null,
        "update_flag": null,
        "announced_date": null
      },
      {
        "ticker": "000002.SZ",
        "period": "2016-09-30",
        "statement_type": "IS",
        "metrics": {
          "cogs": 86003585977.58,
          "ebit": 14471768709.99,
          "interest_expense": 657045590.09,
          "net_income": 11290253073.2,
          "operating_income": 15787300604.87,
          "revenue": 117054800129.06,
          "sga_expense": 3327746603.79
        },
        "frequency": null,
        "update_flag": null,
        "announced_date": null
      },
      {
        "ticker": "000002.SZ",
        "period": "2016-06-30",
        "statement_type": "IS",
        "metrics": {
          "cogs": 55117487905.7,
          "ebit": 8989327690.97,
          "ebitda": 9408352169.28,
          "interest_expense": 427124546.7,
          "net_income": 7094630598.39,
          "operating_income": 9904605249.0,
          "revenue": 74795294306.29,
          "sga_expense": 2045221097.89
        },
        "frequency": null,
        "update_flag": null,
        "announced_date": null
      },
      {
        "ticker": "000002.SZ",
        "period": "2016-03-31",
        "statement_type": "IS",
        "metrics": {
          "cogs": 9967696885.63,
          "ebit": 1508856435.45,
          "interest_expense": 241815278.38,
          "net_income": 1249823432.78,
          "operating_income": 1646600783.53,
          "revenue": 14611312019.58,
          "sga_expense": 726595796.37
        },
        "frequency": null,
        "update_flag": null,
        "announced_date": null
      },
      {
        "ticker": "000002.SZ",
        "period": "2015-12-31",
        "statement_type": "IS",
        "metrics": {
          "cogs": 138150628676.24,
          "ebit": 30038605028.43,
          "ebitda": 30754411315.16,
          "interest_expense": 477735809.6,
          "net_income": 25949438026.31,
          "operating_income": 33122777302.51,
          "revenue": 195549130020.9,
          "sga_expense": 4138273594.93
        },
        "frequency": null,
        "update_flag": null,
        "announced_date": null
      },
      {
        "ticker": "000002.SZ",
        "period": "2015-09-30",
        "statement_type": "IS",
        "metrics": {
          "cogs": 56467158104.29,
          "ebit": 11268867230.01,
          "interest_expense": 341032590.22,
          "net_income": 9538624020.08,
          "operating_income": 12353698401.73,
          "revenue": 79596209996.91,
          "sga_expense": 2672575879.81
        },
        "frequency": null,
        "update_flag": null,
        "announced_date": null
      },
      {
        "ticker": "000002.SZ",
        "period": "2015-06-30",
        "statement_type": "IS",
        "metrics": {
          "cogs": 34960814798.91,
          "ebit": 7902971151.97,
          "ebitda": 8305066654.51,
          "interest_expense": 99727337.78,
          "net_income": 6789481869.25,
          "operating_income": 8718934358.8,
          "revenue": 50266797992.53,
          "sga_expense": 1548692385.89
        },
        "frequency": null,
        "update_flag": null,
        "announced_date": null
      },
      {
        "ticker": "000002.SZ",
        "period": "2015-03-31",
        "statement_type": "IS",
        "metrics": {
          "cogs": 5870110226.47,
          "ebit": 870240985.36,
          "interest_expense": 44343329.94,
          "net_income": 908026223.47,
          "operating_income": 1169822711.92,
          "revenue": 8894338157.14,
          "sga_expense": 687244214.98
        },
        "frequency": null,
        "update_flag": null,
        "announced_date": null
      },
      {
        "ticker": "000002.SZ",
        "period": "2014-12-31",
        "statement_type": "IS",
        "metrics": {
          "cogs": 102557063731.11,
          "ebit": 21449923167.67,
          "ebitda": 21998827492.16,
          "interest_expense": 640839545.38,
          "net_income": 19287524028.08,
          "operating_income": 24979358867.78,
          "revenue": 146388004498.44,
          "sga_expense": 4521889478.29
        },
        "frequency": null,
        "update_flag": null,
        "announced_date": null
      },
      {
        "ticker": "000002.SZ",
        "period": "2014-09-30",
        "statement_type": "IS",
        "metrics": {
          "cogs": 44157105583.25,
          "ebit": 8584618276.96,
          "interest_expense": 603385869.2,
          "net_income": 7604997410.84,
          "operating_income": 9557660289.88,
          "revenue": 63139592563.49,
          "sga_expense": 2575251473.43
        },
        "frequency": null,
        "update_flag": null,
        "announced_date": null
      },
      {
        "ticker": "000002.SZ",
        "period": "2014-06-30",
        "statement_type": "IS",
        "metrics": {
          "cogs": 28298414139.65,
          "ebit": 5940990416.94,
          "ebitda": 6144911794.7,
          "interest_expense": 396758461.31,
          "net_income": 5492479926.52,
          "operating_income": 6856260391.03,
          "revenue": 40961902094.71,
          "sga_expense": 1542285908.15
        },
        "frequency": null,
        "update_flag": null,
        "announced_date": null
      },
      {
        "ticker": "000002.SZ",
        "period": "2014-03-31",
        "statement_type": "IS",
        "metrics": {
          "cogs": 5706277172.09,
          "ebit": 1509886330.29,
          "interest_expense": 183481549.77,
          "net_income": 1638330423.87,
          "operating_income": 2017750434.26,
          "revenue": 9497216581.95,
          "sga_expense": 710554989.67
        },
        "frequency": null,
        "update_flag": null,
        "announced_date": null
      },
      {
        "ticker": "000002.SZ",
        "period": "2013-12-31",
        "statement_type": "IS",
        "metrics": {
          "cogs": 92797650762.81,
          "ebit": 24148437678.53,
          "ebitda": 24327673178.68,
          "interest_expense": 891715053.49,
          "net_income": 18297549871.24,
          "operating_income": 24261338387.14,
          "revenue": 135418791080.35,
          "sga_expense": 3864713570.44
        },
        "frequency": null,
        "update_flag": null,
        "announced_date": null
      },
      {
        "ticker": "000002.SZ",
        "period": "2013-09-30",
        "statement_type": "IS",
        "metrics": {
          "cogs": 43030790288.57,
          "ebit": 10329940875.66,
          "interest_expense": 825408589.71,
          "net_income": 7477143891.72,
          "operating_income": 9970471509.73,
          "revenue": 63415318186.37,
          "sga_expense": 2321670644.72
        },
        "frequency": null,
        "update_flag": null,
        "announced_date": null
      },
      {
        "ticker": "000002.SZ",
        "period": "2013-06-30",
        "statement_type": "IS",
        "metrics": {
          "cogs": 27488879049.6,
          "ebit": 7090982241.58,
          "ebitda": 7182110038.46,
          "interest_expense": 374778641.56,
          "net_income": 5335891298.59,
          "operating_income": 7105211007.75,
          "revenue": 41390345567.72,
          "sga_expense": 1431103459.29
        },
        "frequency": null,
        "update_flag": null,
        "announced_date": null
      },
      {
        "ticker": "000002.SZ",
        "period": "2013-03-31",
        "statement_type": "IS",
        "metrics": {
          "cogs": 8801586374.7,
          "ebit": 2674923988.99,
          "interest_expense": 299501235.0,
          "net_income": 1789369229.66,
          "operating_income": 2395144445.56,
          "revenue": 13999905876.13,
          "sga_expense": 623399229.48
        },
        "frequency": null,
        "update_flag": null,
        "announced_date": null
      },
      {
        "ticker": "000002.SZ",
        "period": "2012-12-31",
        "statement_type": "IS",
        "metrics": {
          "cogs": 65421614348.0,
          "ebit": 20857829265.13,
          "ebitda": 21040450290.3,
          "interest_expense": 764757191.68,
          "net_income": 15662588423.06,
          "operating_income": 21013040794.06,
          "revenue": 103116245136.42,
          "sga_expense": 3056377656.9
        },
        "frequency": null,
        "update_flag": null,
        "announced_date": null
      },
      {
        "ticker": "000002.SZ",
        "period": "2012-09-30",
        "statement_type": "IS",
        "metrics": {
          "cogs": 28885540216.07,
          "ebit": 8291698593.21,
          "interest_expense": 670414380.33,
          "net_income": 6146172156.57,
          "operating_income": 8152930727.08,
          "revenue": 46128221600.95,
          "sga_expense": 2104935827.84
        },
        "frequency": null,
        "update_flag": null,
        "announced_date": null
      },
      {
        "ticker": "000002.SZ",
        "period": "2012-06-30",
        "statement_type": "IS",
        "metrics": {
          "cogs": 19274445195.45,
          "ebit": 5965363625.98,
          "ebitda": 6041802985.0,
          "interest_expense": 423712462.94,
          "net_income": 4535477635.91,
          "operating_income": 6012329738.2,
          "revenue": 30722991215.82,
          "sga_expense": 1238381864.65
        },
        "frequency": null,
        "update_flag": null,
        "announced_date": null
      },
      {
        "ticker": "000002.SZ",
        "period": "2012-03-31",
        "statement_type": "IS",
        "metrics": {
          "cogs": 6022296925.45,
          "ebit": 2088512869.08,
          "interest_expense": 129311168.56,
          "net_income": 1530546766.23,
          "operating_income": 2036895217.18,
          "revenue": 10345911610.85,
          "sga_expense": 582236412.73
        },
        "frequency": null,
        "update_flag": null,
        "announced_date": null
      },
      {
        "ticker": "000002.SZ",
        "period": "2011-12-31",
        "statement_type": "IS",
        "metrics": {
          "cogs": 43228163602.13,
          "ebit": 15576183232.66,
          "ebitda": 15713510031.8,
          "interest_expense": 509812978.62,
          "net_income": 11599606211.77,
          "operating_income": 15763216697.19,
          "revenue": 71782749800.68,
          "sga_expense": 2556775062.26
        },
        "frequency": null,
        "update_flag": null,
        "announced_date": null
      },
      {
        "ticker": "000002.SZ",
        "period": "2011-09-30",
        "statement_type": "IS",
        "metrics": {
          "cogs": 17044419257.51,
          "ebit": 5811055602.59,
          "interest_expense": 194880218.21,
          "net_income": 4106349002.67,
          "operating_income": 5603083790.69,
          "revenue": 29308369223.23,
          "sga_expense": 1689365264.12
        },
        "frequency": null,
        "update_flag": null,
        "announced_date": null
      },
      {
        "ticker": "000002.SZ",
        "period": "2011-06-30",
        "statement_type": "IS",
        "metrics": {
          "cogs": 10992730405.83,
          "ebit": 4577587952.46,
          "ebitda": 4635586052.09,
          "interest_expense": 191674254.48,
          "net_income": 3252517534.32,
          "operating_income": 4417871993.33,
          "revenue": 19988838077.14,
          "sga_expense": 956748185.17
        },
        "frequency": null,
        "update_flag": null,
        "announced_date": null
      },
      {
        "ticker": "000002.SZ",
        "period": "2011-03-31",
        "statement_type": "IS",
        "metrics": {
          "cogs": 4068773609.46,
          "ebit": 1851137049.13,
          "interest_expense": 149239657.85,
          "net_income": 1189964720.77,
          "operating_income": 1648888822.88,
          "revenue": 7970255508.29,
          "sga_expense": 393521353.24
        },
        "frequency": null,
        "update_flag": null,
        "announced_date": null
      },
      {
        "ticker": "000002.SZ",
        "period": "2010-12-31",
        "statement_type": "IS",
        "metrics": {
          "cogs": 30073495231.18,
          "ebit": 11636236304.21,
          "ebitda": 11753043514.25,
          "interest_expense": 504227742.57,
          "net_income": 8839610505.04,
          "operating_income": 11894885308.23,
          "revenue": 50713851442.63,
          "sga_expense": 2079092848.94
        },
        "frequency": null,
        "update_flag": null,
        "announced_date": null
      },
      {
        "ticker": "000002.SZ",
        "period": "2010-09-30",
        "statement_type": "IS",
        "metrics": {
          "cogs": 13696153473.17,
          "ebit": 4585375518.36,
          "interest_expense": 297152201.29,
          "net_income": 3825645658.41,
          "operating_income": 5008143982.91,
          "revenue": 22380429859.16,
          "sga_expense": 1006726765.61
        },
        "frequency": null,
        "update_flag": null,
        "announced_date": null
      },
      {
        "ticker": "000002.SZ",
        "period": "2010-06-30",
        "statement_type": "IS",
        "metrics": {
          "cogs": 10239748864.29,
          "ebit": 3890707504.21,
          "ebitda": 3948049374.5,
          "interest_expense": 261326497.46,
          "net_income": 3160820888.92,
          "operating_income": 4118305474.26,
          "revenue": 16766330449.76,
          "sga_expense": 606401577.33
        },
        "frequency": null,
        "update_flag": null,
        "announced_date": null
      },
      {
        "ticker": "000002.SZ",
        "period": "2010-03-31",
        "statement_type": "IS",
        "metrics": {
          "cogs": 4749115444.95,
          "ebit": 1407805155.5,
          "interest_expense": 105592294.39,
          "net_income": 1175955159.11,
          "operating_income": 1541948905.4,
          "revenue": 7504969754.53,
          "sga_expense": 293290365.1
        },
        "frequency": null,
        "update_flag": null,
        "announced_date": null
      },
      {
        "ticker": "000002.SZ",
        "period": "2009-12-31",
        "statement_type": "IS",
        "metrics": {
          "cogs": 34514717705.0,
          "ebit": 8332251041.17,
          "ebitda": 8437294859.6,
          "interest_expense": 573680423.04,
          "net_income": 6430007538.69,
          "operating_income": 8685082798.0,
          "revenue": 48881013143.49,
          "sga_expense": 1513716869.35
        },
        "frequency": null,
        "update_flag": null,
        "announced_date": null
      },
      {
        "ticker": "000002.SZ",
        "period": "2009-09-30",
        "statement_type": "IS",
        "metrics": {
          "cogs": 20618995957.09,
          "ebit": 4892991629.63,
          "interest_expense": 424340296.9,
          "net_income": 3669981960.35,
          "operating_income": 5022741585.01,
          "revenue": 29543838457.46,
          "sga_expense": 934484165.61
        },
        "frequency": null,
        "update_flag": null,
        "announced_date": null
      },
      {
        "ticker": "000002.SZ",
        "period": "2009-06-30",
        "statement_type": "IS",
        "metrics": {
          "cogs": 15007303368.2,
          "ebit": 4267694116.52,
          "ebitda": 4318124692.86,
          "interest_expense": 237104136.49,
          "net_income": 3100227254.79,
          "operating_income": 4190846869.84,
          "revenue": 21808652427.82,
          "sga_expense": 551447478.82
        },
        "frequency": null,
        "update_flag": null,
        "announced_date": null
      },
      {
        "ticker": "000002.SZ",
        "period": "2009-03-31",
        "statement_type": "IS",
        "metrics": {
          "cogs": 5404078573.96,
          "ebit": 1383275746.97,
          "interest_expense": 184318797.17,
          "net_income": 888542552.19,
          "operating_income": 1231593896.34,
          "revenue": 8164318688.66,
          "sga_expense": 238578263.06
        },
        "frequency": null,
        "update_flag": null,
        "announced_date": null
      },
      {
        "ticker": "000002.SZ",
        "period": "2008-12-31",
        "statement_type": "IS",
        "metrics": {
          "cogs": 25005274464.91,
          "ebit": 6793369272.99,
          "ebitda": 6899187365.99,
          "interest_expense": 657253346.42,
          "net_income": 4639869152.73,
          "operating_income": 6364789552.07,
          "revenue": 40991779214.96,
          "sga_expense": 1860350084.01
        },
        "frequency": null,
        "update_flag": null,
        "announced_date": null
      },
      {
        "ticker": "000002.SZ",
        "period": "2008-09-30",
        "statement_type": "IS",
        "metrics": {
          "cogs": 13416159543.85,
          "ebit": 4508229197.64,
          "interest_expense": 272855453.47,
          "net_income": 2634320361.16,
          "operating_income": 3758330381.71,
          "revenue": 22541912977.14,
          "sga_expense": 1133777027.44
        },
        "frequency": null,
        "update_flag": null,
        "announced_date": null
      },
      {
        "ticker": "000002.SZ",
        "period": "2008-06-30",
        "statement_type": "IS",
        "metrics": {
          "cogs": 10171411545.62,
          "ebit": 3508767896.12,
          "ebitda": 3559493620.64,
          "interest_expense": 200770605.8,
          "net_income": 2306670070.14,
          "operating_income": 3327479350.53,
          "revenue": 17255013019.21,
          "sga_expense": 709183337.34
        },
        "frequency": null,
        "update_flag": null,
        "announced_date": null
      },
      {
        "ticker": "000002.SZ",
        "period": "2008-03-31",
        "statement_type": "IS",
        "metrics": {
          "cogs": 3925912602.33,
          "ebit": 1176821425.27,
          "interest_expense": 133089160.45,
          "net_income": 741729795.71,
          "operating_income": 1028143668.04,
          "revenue": 6400435839.58,
          "sga_expense": 278414498.13
        },
        "frequency": null,
        "update_flag": null,
        "announced_date": null
      },
      {
        "ticker": "000002.SZ",
        "period": "2007-12-31",
        "statement_type": "IS",
        "metrics": {
          "cogs": 20607338964.44,
          "ebit": 7826619661.93,
          "ebitda": 7937258359.27,
          "interest_expense": 359500074.4,
          "net_income": 5317500817.82,
          "operating_income": 7652897499.73,
          "revenue": 35526611301.94,
          "sga_expense": 1194543702.0
        },
        "frequency": null,
        "update_flag": null,
        "announced_date": null
      },
      {
        "ticker": "000002.SZ",
        "period": "2007-09-30",
        "statement_type": "IS",
        "metrics": {
          "cogs": 7516309610.3,
          "ebit": 3259099729.03,
          "interest_expense": 279083915.36,
          "net_income": 2090598444.43,
          "operating_income": 2976200412.24,
          "revenue": 14173465879.06,
          "sga_expense": 711143642.86
        },
        "frequency": null,
        "update_flag": null,
        "announced_date": null
      },
      {
        "ticker": "000002.SZ",
        "period": "2007-06-30",
        "statement_type": "IS",
        "metrics": {
          "cogs": 6046315357.92,
          "ebit": 2727919812.03,
          "ebitda": 2768052680.97,
          "interest_expense": 178146913.56,
          "net_income": 1800864980.15,
          "operating_income": 2541192210.72,
          "revenue": 11096520942.19,
          "sga_expense": 406959103.69
        },
        "frequency": null,
        "update_flag": null,
        "announced_date": null
      },
      {
        "ticker": "000002.SZ",
        "period": "2007-03-31",
        "statement_type": "IS",
        "metrics": {
          "cogs": 2280512837.18,
          "ebit": 858098030.12,
          "interest_expense": 25926857.04,
          "net_income": 616108912.17,
          "operating_income": 829587980.15,
          "revenue": 4114138824.22,
          "sga_expense": 184099938.25
        },
        "frequency": null,
        "update_flag": null,
        "announced_date": null
      },
      {
        "ticker": "000002.SZ",
        "period": "2006-12-31",
        "statement_type": "IS",
        "metrics": {
          "cogs": 11441263798.73,
          "ebit": 3412348837.58,
          "ebitda": 3465206715.83,
          "interest_expense": 140151591.93,
          "net_income": 2422997051.18,
          "operating_income": 3426906819.16,
          "revenue": 17918331517.79,
          "sga_expense": 625716844.96
        },
        "frequency": null,
        "update_flag": null,
        "announced_date": null
      },
      {
        "ticker": "000002.SZ",
        "period": "2006-09-30",
        "statement_type": "IS",
        "metrics": {
          "cogs": 5179758830.51,
          "ebit": 2045552367.89,
          "interest_expense": 66049250.64,
          "net_income": 1456485386.89,
          "operating_income": 2044385238.36,
          "revenue": 8508702432.0,
          "sga_expense": 372604297.72
        },
        "frequency": null,
        "update_flag": null,
        "announced_date": null
      },
      {
        "ticker": "000002.SZ",
        "period": "2006-06-30",
        "statement_type": "IS",
        "metrics": {
          "cogs": 4004821294.56,
          "ebit": 1762746026.39,
          "ebitda": 1811724164.86,
          "interest_expense": 27954306.31,
          "net_income": 1276745766.71,
          "operating_income": 1817966556.63,
          "revenue": 6669718005.02,
          "sga_expense": 217775679.78
        },
        "frequency": null,
        "update_flag": null,
        "announced_date": null
      },
      {
        "ticker": "000002.SZ",
        "period": "2006-03-31",
        "statement_type": "IS",
        "metrics": {
          "cogs": 1425989258.21,
          "ebit": 591594093.0,
          "interest_expense": 11869293.0,
          "net_income": 411114129.0,
          "operating_income": 591166878.0,
          "revenue": 2303871599.0,
          "sga_expense": 95300188.0
        },
        "frequency": null,
        "update_flag": null,
        "announced_date": null
      },
      {
        "ticker": "000002.SZ",
        "period": "2005-12-31",
        "statement_type": "IS",
        "metrics": {
          "cogs": 6884920656.05,
          "ebit": 2046425736.54,
          "ebitda": 2085800908.39,
          "interest_expense": 16197148.22,
          "net_income": 1433425711.84,
          "operating_income": 1958371071.15,
          "revenue": 10558851683.83,
          "sga_expense": 466289323.58
        },
        "frequency": null,
        "update_flag": null,
        "announced_date": null
      },
      {
        "ticker": "000002.SZ",
        "period": "2005-06-30",
        "statement_type": "IS",
        "metrics": {
          "cogs": 2579548478.79,
          "ebit": 1105017314.92,
          "interest_expense": 5501362.22,
          "net_income": 813192444.76,
          "operating_income": 1104065696.74,
          "revenue": 4334228230.75,
          "sga_expense": 174635021.32
        },
        "frequency": null,
        "update_flag": null,
        "announced_date": null
      },
      {
        "ticker": "000002.SZ",
        "period": "2005-03-31",
        "statement_type": "IS",
        "metrics": {
          "cogs": 1210684372.5,
          "ebit": 369116127.87,
          "interest_expense": -894281.91,
          "net_income": 248901014.43,
          "operating_income": 369362449.59,
          "revenue": 1885656287.79,
          "sga_expense": 80541465.56
        },
        "frequency": null,
        "update_flag": null,
        "announced_date": null
      },
      {
        "ticker": "000002.SZ",
        "period": "2004-12-31",
        "statement_type": "IS",
        "metrics": {
          "cogs": 5297369544.47,
          "ebit": 1241344034.88,
          "ebitda": 1307694892.63,
          "interest_expense": -4220480.1,
          "net_income": 912653719.73,
          "operating_income": 1259302864.11,
          "revenue": 7667226237.03,
          "sga_expense": 328757938.63
        },
        "frequency": null,
        "update_flag": null,
        "announced_date": null
      },
      {
        "ticker": "000002.SZ",
        "period": "2004-09-30",
        "statement_type": "IS",
        "metrics": {
          "cogs": 2234056324.45,
          "ebit": 583383334.17,
          "interest_expense": 7661160.53,
          "net_income": 398601575.66,
          "operating_income": 579830458.62,
          "revenue": 3474852014.32,
          "sga_expense": 217498820.0
        },
        "frequency": null,
        "update_flag": null,
        "announced_date": null
      },
      {
        "ticker": "000002.SZ",
        "period": "2004-06-30",
        "statement_type": "IS",
        "metrics": {
          "cogs": 1563681210.44,
          "ebit": 472663374.57,
          "interest_expense": 9651875.24,
          "net_income": 333571003.74,
          "operating_income": 471959043.99,
          "revenue": 2468922169.21,
          "sga_expense": 115227861.89
        },
        "frequency": null,
        "update_flag": null,
        "announced_date": null
      },
      {
        "ticker": "000002.SZ",
        "period": "2004-03-31",
        "statement_type": "IS",
        "metrics": {
          "cogs": 673700410.65,
          "ebit": 165351873.21,
          "interest_expense": -652186.84,
          "net_income": 110005143.63,
          "operating_income": 165526901.68,
          "revenue": 1030585988.9,
          "sga_expense": 42928639.38
        },
        "frequency": null,
        "update_flag": null,
        "announced_date": null
      },
      {
        "ticker": "000002.SZ",
        "period": "2003-12-31",
        "statement_type": "IS",
        "metrics": {
          "cogs": 4639877677.85,
          "ebit": 817987451.23,
          "ebitda": 942607886.78,
          "interest_expense": -800125.65,
          "net_income": 565890614.8,
          "operating_income": 816525731.97,
          "revenue": 6380060435.28,
          "sga_expense": 210754591.18
        },
        "frequency": null,
        "update_flag": null,
        "announced_date": null
      },
      {
        "ticker": "000002.SZ",
        "period": "2003-09-30",
        "statement_type": "IS",
        "metrics": {
          "cogs": 2378603150.56,
          "ebit": 377286186.83,
          "interest_expense": -5967904.22,
          "net_income": 275016411.48,
          "operating_income": 375722201.53,
          "revenue": 3264655322.03,
          "sga_expense": 134270858.28
        },
        "frequency": null,
        "update_flag": null,
        "announced_date": null
      },
      {
        "ticker": "000002.SZ",
        "period": "2003-06-30",
        "statement_type": "IS",
        "metrics": {
          "cogs": 1576194091.14,
          "ebit": 284266714.2,
          "interest_expense": -3642884.45,
          "net_income": 209215714.39,
          "operating_income": 285175773.07,
          "revenue": 2190695080.85,
          "sga_expense": 83518164.52
        },
        "frequency": null,
        "update_flag": null,
        "announced_date": null
      },
      {
        "ticker": "000002.SZ",
        "period": "2003-03-31",
        "statement_type": "IS",
        "metrics": {
          "cogs": 567773541.23,
          "ebit": 60305118.19,
          "interest_expense": -1930799.13,
          "net_income": 39616409.04,
          "operating_income": 60683405.13,
          "revenue": 779794223.23,
          "sga_expense": 38140801.58
        },
        "frequency": null,
        "update_flag": null,
        "announced_date": null
      },
      {
        "ticker": "000002.SZ",
        "period": "2002-12-31",
        "statement_type": "IS",
        "metrics": {
          "cogs": 3472885808.98,
          "ebit": 506317834.69,
          "ebitda": 568738818.03,
          "interest_expense": -5524494.33,
          "net_income": 398048307.64,
          "operating_income": 522765450.82,
          "revenue": 4574359629.05,
          "sga_expense": 126595070.85
        },
        "frequency": null,
        "update_flag": null,
        "announced_date": null
      },
      {
        "ticker": "000002.SZ",
        "period": "2002-09-30",
        "statement_type": "IS",
        "metrics": {
          "cogs": 1718973731.9,
          "ebit": 232387766.28,
          "interest_expense": -3925427.82,
          "net_income": 187079504.7,
          "operating_income": 234554781.79,
          "revenue": 2354480155.61,
          "sga_expense": 102790034.86
        },
        "frequency": null,
        "update_flag": null,
        "announced_date": null
      },
      {
        "ticker": "000002.SZ",
        "period": "2002-06-30",
        "statement_type": "IS",
        "metrics": {
          "cogs": 1072018252.21,
          "ebit": 174661008.45,
          "interest_expense": -1612649.35,
          "net_income": 142156920.25,
          "operating_income": 174853541.46,
          "revenue": 1501988961.63,
          "sga_expense": 61520843.17
        },
        "frequency": null,
        "update_flag": null,
        "announced_date": null
      },
      {
        "ticker": "000002.SZ",
        "period": "2002-03-31",
        "statement_type": "IS",
        "metrics": {
          "cogs": 383431057.53,
          "ebit": 42528687.35,
          "interest_expense": -667636.79,
          "net_income": 30554811.6,
          "operating_income": 39437341.59,
          "revenue": 549639027.03,
          "sga_expense": 32939691.15
        },
        "frequency": null,
        "update_flag": null,
        "announced_date": null
      },
      {
        "ticker": "000002.SZ",
        "period": "2001-12-31",
        "statement_type": "IS",
        "metrics": {
          "cogs": 3434439752.26,
          "ebit": 294355254.61,
          "ebitda": 470019710.2,
          "interest_expense": -3278580.17,
          "net_income": 381969284.35,
          "operating_income": 494874794.44,
          "revenue": 4455064776.93,
          "sga_expense": 273634648.34
        },
        "frequency": null,
        "update_flag": null,
        "announced_date": null
      },
      {
        "ticker": "000002.SZ",
        "period": "2001-06-30",
        "statement_type": "IS",
        "metrics": {
          "cogs": 1831922579.28,
          "ebit": 228564446.1,
          "interest_expense": -1223570.08,
          "net_income": 178049170.7,
          "operating_income": 225872530.75,
          "revenue": 2432696353.88,
          "sga_expense": 172504455.37
        },
        "frequency": null,
        "update_flag": null,
        "announced_date": null
      },
      {
        "ticker": "000002.SZ",
        "period": "2000-12-31",
        "statement_type": "IS",
        "metrics": {
          "cogs": 2839927976.6,
          "ebit": 363428610.98,
          "ebitda": 380375287.15,
          "interest_expense": 1403648.37,
          "net_income": 311177265.88,
          "operating_income": 368886618.34,
          "revenue": 3783668674.18,
          "sga_expense": 293581490.94
        },
        "frequency": null,
        "update_flag": null,
        "announced_date": null
      },
      {
        "ticker": "000002.SZ",
        "period": "2000-06-30",
        "statement_type": "IS",
        "metrics": {
          "cogs": 1055948540.65,
          "ebit": 145107555.97,
          "interest_expense": -6597794.77,
          "net_income": 119896317.27,
          "operating_income": 139967395.04,
          "revenue": 1404665219.5,
          "sga_expense": 122128887.88
        },
        "frequency": null,
        "update_flag": null,
        "announced_date": null
      },
      {
        "ticker": "000002.SZ",
        "period": "1999-12-31",
        "statement_type": "IS",
        "metrics": {
          "cogs": 2140963749.49,
          "ebit": 264264194.3,
          "ebitda": 253450135.42,
          "interest_expense": 9638084.67,
          "net_income": 240126889.47,
          "operating_income": 270776834.79,
          "revenue": 2872795896.07,
          "sga_expense": 197620064.11
        },
        "frequency": null,
        "update_flag": null,
        "announced_date": null
      },
      {
        "ticker": "000002.SZ",
        "period": "1999-06-30",
        "statement_type": "IS",
        "metrics": {
          "cogs": 720805877.7,
          "ebit": 109999601.74,
          "interest_expense": -3555706.59,
          "net_income": 86692984.86,
          "operating_income": 108697098.27,
          "revenue": 993336330.25,
          "sga_expense": 88508423.49
        },
        "frequency": null,
        "update_flag": null,
        "announced_date": null
      },
      {
        "ticker": "000002.SZ",
        "period": "1998-12-31",
        "statement_type": "IS",
        "metrics": {
          "cogs": 1633050108.68,
          "ebit": 243599552.5,
          "ebitda": 268819140.52,
          "interest_expense": 15157939.89,
          "net_income": 211196234.1,
          "operating_income": 220366428.59,
          "revenue": 2246116963.28,
          "sga_expense": 147685492.76
        },
        "frequency": null,
        "update_flag": null,
        "announced_date": null
      },
      {
        "ticker": "000002.SZ",
        "period": "1998-06-30",
        "statement_type": "IS",
        "metrics": {
          "cogs": 661291063.15,
          "ebit": 110492728.38,
          "interest_expense": -5179424.78,
          "net_income": 85961480.33,
          "operating_income": 99549319.54,
          "revenue": 904550650.97,
          "sga_expense": 65510039.78
        },
        "frequency": null,
        "update_flag": null,
        "announced_date": null
      },
      {
        "ticker": "000002.SZ",
        "period": "1997-12-31",
        "statement_type": "IS",
        "metrics": {
          "cogs": 1403607371.86,
          "ebit": 169687735.81,
          "ebitda": 169687735.81,
          "interest_expense": 35864053.98,
          "net_income": 201877727.02,
          "operating_income": 212255236.86,
          "revenue": 1947640983.87,
          "sga_expense": 66323381.12
        },
        "frequency": null,
        "update_flag": null,
        "announced_date": null
      },
      {
        "ticker": "000002.SZ",
        "period": "1997-06-30",
        "statement_type": "IS",
        "metrics": {
          "cogs": 0.0,
          "ebit": 93077006.12,
          "net_income": 72196912.6,
          "operating_income": 32734647.72,
          "revenue": 822813082.11
        },
        "frequency": null,
        "update_flag": null,
        "announced_date": null
      },
      {
        "ticker": "000002.SZ",
        "period": "1996-12-31",
        "statement_type": "IS",
        "metrics": {
          "cogs": 819760752.62,
          "ebit": 114763487.24,
          "ebitda": 114763487.24,
          "interest_expense": 18523207.26,
          "net_income": 154175149.39,
          "operating_income": 180509159.84,
          "revenue": 1177714050.96,
          "sga_expense": 45303747.8
        },
        "frequency": null,
        "update_flag": null,
        "announced_date": null
      },
      {
        "ticker": "000002.SZ",
        "period": "1996-06-30",
        "statement_type": "IS",
        "metrics": {
          "cogs": 0.0,
          "ebit": 70769279.67,
          "net_income": 53601041.26,
          "operating_income": 29867187.06,
          "revenue": 508081329.56
        },
        "frequency": null,
        "update_flag": null,
        "announced_date": null
      },
      {
        "ticker": "000002.SZ",
        "period": "1995-12-31",
        "statement_type": "IS",
        "metrics": {
          "cogs": 1079269915.15,
          "ebit": 187676202.12,
          "ebitda": 187676202.12,
          "interest_expense": 45818820.12,
          "net_income": 166896385.24,
          "operating_income": 189871578.68,
          "revenue": 1503755416.14,
          "sga_expense": 55075767.93
        },
        "frequency": null,
        "update_flag": null,
        "announced_date": null
      },
      {
        "ticker": "000002.SZ",
        "period": "1995-06-30",
        "statement_type": "IS",
        "metrics": {
          "cogs": 0.0,
          "ebit": 79268962.58,
          "net_income": 63149283.0,
          "operating_income": 14708749.34,
          "revenue": 644648563.99
        },
        "frequency": null,
        "update_flag": null,
        "announced_date": null
      },
      {
        "ticker": "000002.SZ",
        "period": "1994-12-31",
        "statement_type": "IS",
        "metrics": {
          "cogs": 937599649.95,
          "ebit": 128723888.66,
          "ebitda": 128723888.66,
          "interest_expense": 17018264.91,
          "net_income": 175968245.3,
          "operating_income": 210920757.15,
          "revenue": 1227544063.55,
          "sga_expense": 13663068.74
        },
        "frequency": null,
        "update_flag": null,
        "announced_date": null
      }
    ],
    "balance_sheets": [
      {
        "ticker": "000002.SZ",
        "period": "2025-09-30",
        "statement_type": "BS",
        "metrics": {
          "accounts_payable": 131133791633.23,
          "cash_and_equivalents": 65677132971.18,
          "current_assets": 782985589263.99,
          "current_liabilities": 599690825407.5,
          "inventory": 423076154871.16,
          "long_term_debt": 11492355848.64,
          "shares_outstanding": 11930709471.0,
          "total_assets": 1136594565755.29,
          "total_equity": 175755829577.72,
          "total_liabilities": 835564493176.11
        },
        "frequency": null,
        "update_flag": null,
        "announced_date": null
      },
      {
        "ticker": "000002.SZ",
        "period": "2025-06-30",
        "statement_type": "BS",
        "metrics": {
          "accounts_payable": 136231609050.92,
          "cash_and_equivalents": 74002263778.73,
          "current_assets": 838928589125.05,
          "current_liabilities": 641072773099.34,
          "inventory": 462518540592.68,
          "long_term_debt": 16243320993.5,
          "shares_outstanding": 11930709471.0,
          "total_assets": 1194148874774.55,
          "total_equity": 191440815716.19,
          "total_liabilities": 872988331813.49
        },
        "frequency": null,
        "update_flag": null,
        "announced_date": null
      },
      {
        "ticker": "000002.SZ",
        "period": "2025-03-31",
        "statement_type": "BS",
        "metrics": {
          "accounts_payable": 134943429425.76,
          "cash_and_equivalents": 75501915435.04,
          "current_assets": 883333854229.89,
          "current_liabilities": 677710400559.92,
          "inventory": 499307427051.72,
          "long_term_debt": 22929052496.2,
          "shares_outstanding": 11930709471.0,
          "total_assets": 1244039386215.6,
          "total_equity": 196728878701.04,
          "total_liabilities": 914064973380.35
        },
        "frequency": null,
        "update_flag": null,
        "announced_date": null
      },
      {
        "ticker": "000002.SZ",
        "period": "2024-12-31",
        "statement_type": "BS",
        "metrics": {
          "accounts_payable": 160033042049.19,
          "cash_and_equivalents": 88162865022.03,
          "current_assets": 917512076855.03,
          "current_liabilities": 719061817650.72,
          "inventory": 519009439846.78,
          "long_term_debt": 24113132319.88,
          "shares_outstanding": 11930709471.0,
          "total_assets": 1286259859765.82,
          "total_equity": 202666487973.0,
          "total_liabilities": 947405197282.08
        },
        "frequency": null,
        "update_flag": null,
        "announced_date": null
      },
      {
        "ticker": "000002.SZ",
        "period": "2024-09-30",
        "statement_type": "BS",
        "metrics": {
          "accounts_payable": 174167073462.1,
          "cash_and_equivalents": 79745404342.3,
          "current_assets": 1016276176873.64,
          "current_liabilities": 750831759219.86,
          "inventory": 579335498308.05,
          "long_term_debt": 33438942891.11,
          "shares_outstanding": 11930709471.0,
          "total_assets": 1357179783436.2,
          "total_equity": 234119943592.19,
          "total_liabilities": 982821341733.23
        },
        "frequency": null,
        "update_flag": null,
        "announced_date": null
      },
      {
        "ticker": "000002.SZ",
        "period": "2024-06-30",
        "statement_type": "BS",
        "metrics": {
          "accounts_payable": 193257742272.26,
          "cash_and_equivalents": 92398770713.15,
          "current_assets": 1078209371170.64,
          "current_liabilities": 786441354254.96,
          "inventory": 620404694685.52,
          "long_term_debt": 43736764319.58,
          "shares_outstanding": 11930709471.0,
          "total_assets": 1422819020978.85,
          "total_equity": 241678563970.12,
          "total_liabilities": 1037761815611.77
        },
        "frequency": null,
        "update_flag": null,
        "announced_date": null
      },
      {
        "ticker": "000002.SZ",
        "period": "2024-03-31",
        "statement_type": "BS",
        "metrics": {
          "accounts_payable": 201011851909.31,
          "cash_and_equivalents": 83066486948.78,
          "current_assets": 1111071320565.76,
          "current_liabilities": 802373756361.82,
          "inventory": 672056661424.73,
          "long_term_debt": 50217129100.45,
          "shares_outstanding": 11930709471.0,
          "total_assets": 1463869094846.18,
          "total_equity": 250633266316.32,
          "total_liabilities": 1064335708368.53
        },
        "frequency": null,
        "update_flag": null,
        "announced_date": null
      },
      {
        "ticker": "000002.SZ",
        "period": "2023-12-31",
        "statement_type": "BS",
        "metrics": {
          "accounts_payable": 221688101235.72,
          "cash_and_equivalents": 99813755447.81,
          "current_assets": 1150260062360.68,
          "current_liabilities": 821785258492.1,
          "inventory": 701695785323.43,
          "long_term_debt": 59871015948.97,
          "shares_outstanding": 11930709471.0,
          "total_assets": 1504850172117.83,
          "total_equity": 250784613404.38,
          "total_liabilities": 1101916641170.57
        },
        "frequency": null,
        "update_flag": null,
        "announced_date": null
      },
      {
        "ticker": "000002.SZ",
        "period": "2023-09-30",
        "statement_type": "BS",
        "metrics": {
          "accounts_payable": 248936641804.23,
          "cash_and_equivalents": 103679869761.72,
          "current_assets": 1289539438304.76,
          "current_liabilities": 940470380494.21,
          "inventory": 814702128561.49,
          "long_term_debt": 60223785052.85,
          "shares_outstanding": 11930709471.0,
          "total_assets": 1646701739373.12,
          "total_equity": 252907846631.8,
          "total_liabilities": 1239574345996.9
        },
        "frequency": null,
        "update_flag": null,
        "announced_date": null
      },
      {
        "ticker": "000002.SZ",
        "period": "2023-06-30",
        "statement_type": "BS",
        "metrics": {
          "accounts_payable": 258922651892.62,
          "cash_and_equivalents": 122180878822.26,
          "current_assets": 1325043809366.61,
          "current_liabilities": 981909082942.54,
          "inventory": 837027421606.98,
          "long_term_debt": 60474019607.52,
          "shares_outstanding": 11630709471.0,
          "total_assets": 1684196409372.7,
          "total_equity": 249326669106.12,
          "total_liabilities": 1281551927215.46
        },
        "frequency": null,
        "update_flag": null,
        "announced_date": null
      },
      {
        "ticker": "000002.SZ",
        "period": "2023-03-31",
        "statement_type": "BS",
        "metrics": {
          "accounts_payable": 256886478859.97,
          "cash_and_equivalents": 140005969096.16,
          "current_assets": 1401049096094.74,
          "current_liabilities": 1059822714802.91,
          "inventory": 877709488834.25,
          "long_term_debt": 62361456157.33,
          "shares_outstanding": 11930709471.0,
          "total_assets": 1743078594535.06,
          "total_equity": 246012295962.94,
          "total_liabilities": 1345572736279.54
        },
        "frequency": null,
        "update_flag": null,
        "announced_date": null
      },
      {
        "ticker": "000002.SZ",
        "period": "2022-12-31",
        "statement_type": "BS",
        "metrics": {
          "accounts_payable": 289216427644.13,
          "cash_and_equivalents": 137207634925.27,
          "current_assets": 1415356379958.52,
          "current_liabilities": 1077801572017.84,
          "inventory": 907056930357.78,
          "long_term_debt": 68815570155.64,
          "shares_outstanding": 11630709471.0,
          "total_assets": 1757124444202.95,
          "total_equity": 242691342204.55,
          "total_liabilities": 1352132937796.74
        },
        "frequency": null,
        "update_flag": null,
        "announced_date": null
      },
      {
        "ticker": "000002.SZ",
        "period": "2022-09-30",
        "statement_type": "BS",
        "metrics": {
          "accounts_payable": 299729949657.45,
          "cash_and_equivalents": 118829685649.84,
          "current_assets": 1482234397741.83,
          "current_liabilities": 1168326002698.35,
          "inventory": 982183938894.26,
          "long_term_debt": 61517371414.92,
          "shares_outstanding": 11630709471.0,
          "total_assets": 1832624105913.53,
          "total_equity": 241106953678.44,
          "total_liabilities": 1426655627128.92
        },
        "frequency": null,
        "update_flag": null,
        "announced_date": null
      },
      {
        "ticker": "000002.SZ",
        "period": "2022-06-30",
        "statement_type": "BS",
        "metrics": {
          "accounts_payable": 310689951141.56,
          "cash_and_equivalents": 141073042438.29,
          "current_assets": 1537716259462.24,
          "current_liabilities": 1243438045873.94,
          "inventory": 1023026865171.1,
          "long_term_debt": 49980542126.39,
          "shares_outstanding": 11625383375.0,
          "total_assets": 1879202244259.1,
          "total_equity": 234234876591.05,
          "total_liabilities": 1487493682256.5
        },
        "frequency": null,
        "update_flag": null,
        "announced_date": null
      },
      {
        "ticker": "000002.SZ",
        "period": "2022-03-31",
        "statement_type": "BS",
        "metrics": {
          "accounts_payable": 302996817201.46,
          "cash_and_equivalents": 141783283765.08,
          "current_assets": 1608773589575.83,
          "current_liabilities": 1303928123456.61,
          "inventory": 1076340262804.06,
          "long_term_debt": 59532218502.65,
          "shares_outstanding": 11625383375.0,
          "total_assets": 1947369375453.95,
          "total_equity": 236870418361.81,
          "total_liabilities": 1554059665756.77
        },
        "frequency": null,
        "update_flag": null,
        "announced_date": null
      },
      {
        "ticker": "000002.SZ",
        "period": "2021-12-31",
        "statement_type": "BS",
        "metrics": {
          "accounts_payable": 330411135278.79,
          "cash_and_equivalents": 149352444288.76,
          "current_assets": 1600268307291.9,
          "current_liabilities": 1311446467338.73,
          "inventory": 1075617036637.22,
          "long_term_debt": 53020571732.91,
          "shares_outstanding": 11625383375.0,
          "total_assets": 1938638128699.08,
          "total_equity": 235953134212.41,
          "total_liabilities": 1545865352173.99
        },
        "frequency": null,
        "update_flag": null,
        "announced_date": null
      },
      {
        "ticker": "000002.SZ",
        "period": "2021-09-30",
        "statement_type": "BS",
        "metrics": {
          "accounts_payable": 311815143030.2,
          "cash_and_equivalents": 147107041542.74,
          "current_assets": 1634575545749.58,
          "current_liabilities": 1377665222453.14,
          "inventory": 1112923387374.76,
          "long_term_debt": 53474486401.35,
          "shares_outstanding": 11625383375.0,
          "total_assets": 1967403013063.62,
          "total_equity": 227622869231.18,
          "total_liabilities": 1592472568518.44
        },
        "frequency": null,
        "update_flag": null,
        "announced_date": null
      },
      {
        "ticker": "000002.SZ",
        "period": "2021-06-30",
        "statement_type": "BS",
        "metrics": {
          "accounts_payable": 307050984989.76,
          "cash_and_equivalents": 195216042918.38,
          "current_assets": 1632249742415.54,
          "current_liabilities": 1380851941342.12,
          "inventory": 1047878152587.47,
          "long_term_debt": 50915073351.19,
          "shares_outstanding": 11617732201.0,
          "total_assets": 1955046076839.62,
          "total_equity": 221865539969.48,
          "total_liabilities": 1591325317456.8
        },
        "frequency": null,
        "update_flag": null,
        "announced_date": null
      },
      {
        "ticker": "000002.SZ",
        "period": "2021-03-31",
        "statement_type": "BS",
        "metrics": {
          "accounts_payable": 289906661003.01,
          "cash_and_equivalents": 196598638704.05,
          "current_assets": 1584331740125.63,
          "current_liabilities": 1346920073596.38,
          "inventory": 1020764051236.3,
          "long_term_debt": 46859671312.19,
          "shares_outstanding": 11617732201.0,
          "total_assets": 1907860492718.95,
          "total_equity": 225707668850.84,
          "total_liabilities": 1552428487851.48
        },
        "frequency": null,
        "update_flag": null,
        "announced_date": null
      },
      {
        "ticker": "000002.SZ",
        "period": "2020-12-31",
        "statement_type": "BS",
        "metrics": {
          "accounts_payable": 295684502351.66,
          "cash_and_equivalents": 195230723369.88,
          "current_assets": 1547387061234.69,
          "current_liabilities": 1317492688869.78,
          "inventory": 1002063008153.13,
          "long_term_debt": 43576223200.25,
          "shares_outstanding": 11617732201.0,
          "total_assets": 1869177094005.55,
          "total_equity": 224510952749.09,
          "total_liabilities": 1519332620662.33
        },
        "frequency": null,
        "update_flag": null,
        "announced_date": null
      },
      {
        "ticker": "000002.SZ",
        "period": "2020-09-30",
        "statement_type": "BS",
        "metrics": {
          "accounts_payable": 272611229009.56,
          "cash_and_equivalents": 173050032088.35,
          "current_assets": 1503850304031.17,
          "current_liabilities": 1317539097359.36,
          "inventory": 955712807568.24,
          "long_term_debt": 49842405556.23,
          "shares_outstanding": 11617732201.0,
          "total_assets": 1814465741941.72,
          "total_equity": 202675004733.29,
          "total_liabilities": 1511823329619.3
        },
        "frequency": null,
        "update_flag": null,
        "announced_date": null
      },
      {
        "ticker": "000002.SZ",
        "period": "2020-06-30",
        "statement_type": "BS",
        "metrics": {
          "accounts_payable": 265547564273.11,
          "cash_and_equivalents": 194291462920.23,
          "current_assets": 1509594566656.84,
          "current_liabilities": 1315939370661.79,
          "inventory": 932108410170.2,
          "long_term_debt": 54185247690.28,
          "shares_outstanding": 11617732201.0,
          "total_assets": 1806186613769.1,
          "total_equity": 195617745446.49,
          "total_liabilities": 1514930506717.89
        },
        "frequency": null,
        "update_flag": null,
        "announced_date": null
      },
      {
        "ticker": "000002.SZ",
        "period": "2020-03-31",
        "statement_type": "BS",
        "metrics": {
          "accounts_payable": 249377588887.39,
          "cash_and_equivalents": 173271604090.63,
          "current_assets": 1449790966626.68,
          "current_liabilities": 1265384979818.62,
          "inventory": 905774519763.68,
          "long_term_debt": 49794295396.55,
          "shares_outstanding": 11302143001.0,
          "total_assets": 1739794796342.85,
          "total_equity": 188663863882.66,
          "total_liabilities": 1465683669930.9
        },
        "frequency": null,
        "update_flag": null,
        "announced_date": null
      },
      {
        "ticker": "000002.SZ",
        "period": "2019-12-31",
        "statement_type": "BS",
        "metrics": {
          "accounts_payable": 267280865500.05,
          "cash_and_equivalents": 166194595726.42,
          "current_assets": 1438989354552.98,
          "current_liabilities": 1272610284010.69,
          "inventory": 897019035609.52,
          "long_term_debt": 49645512945.07,
          "shares_outstanding": 11302143001.0,
          "total_assets": 1729929450401.23,
          "total_equity": 188058491912.82,
          "total_liabilities": 1459350334988.27
        },
        "frequency": null,
        "update_flag": null,
        "announced_date": null
      },
      {
        "ticker": "000002.SZ",
        "period": "2019-09-30",
        "statement_type": "BS",
        "metrics": {
          "accounts_payable": 241725306097.0,
          "cash_and_equivalents": 107240246001.43,
          "current_assets": 1358184750097.71,
          "current_liabilities": 1202299264748.08,
          "inventory": 859851371020.23,
          "long_term_debt": 48351104433.03,
          "shares_outstanding": 11302143001.0,
          "total_assets": 1638763217307.92,
          "total_equity": 167273827178.07,
          "total_liabilities": 1393911322007.67
        },
        "frequency": null,
        "update_flag": null,
        "announced_date": null
      },
      {
        "ticker": "000002.SZ",
        "period": "2019-06-30",
        "statement_type": "BS",
        "metrics": {
          "accounts_payable": 224577811176.4,
          "cash_and_equivalents": 143868825484.46,
          "current_assets": 1300127355362.9,
          "current_liabilities": 1161742027298.39,
          "inventory": 790460528627.41,
          "long_term_debt": 53717170376.29,
          "shares_outstanding": 11302143001.0,
          "total_assets": 1577056909941.26,
          "total_equity": 161016910454.03,
          "total_liabilities": 1344589371133.8
        },
        "frequency": null,
        "update_flag": null,
        "announced_date": null
      },
      {
        "ticker": "000002.SZ",
        "period": "2019-03-31",
        "statement_type": "BS",
        "metrics": {
          "cash_and_equivalents": 143220416305.01,
          "current_assets": 1292727657466.24,
          "current_liabilities": 1115028585017.42,
          "inventory": 778577730519.17,
          "long_term_debt": 52611053711.54,
          "shares_outstanding": 11039152001.0,
          "total_assets": 1551166452530.9,
          "total_equity": 157551438743.43,
          "total_liabilities": 1314977040559.0
        },
        "frequency": null,
        "update_flag": null,
        "announced_date": null
      },
      {
        "ticker": "000002.SZ",
        "period": "2018-12-31",
        "statement_type": "BS",
        "metrics": {
          "cash_and_equivalents": 188417446836.14,
          "current_assets": 1295071856292.37,
          "current_liabilities": 1121913936785.61,
          "inventory": 750302627438.8,
          "long_term_debt": 47095145785.83,
          "shares_outstanding": 11039152001.0,
          "total_assets": 1528579356474.81,
          "total_equity": 155764131544.43,
          "total_liabilities": 1292958626477.23
        },
        "frequency": null,
        "update_flag": null,
        "announced_date": null
      },
      {
        "ticker": "000002.SZ",
        "period": "2018-09-30",
        "statement_type": "BS",
        "metrics": {
          "cash_and_equivalents": 132765524738.71,
          "current_assets": 1212408249835.08,
          "current_liabilities": 1044136412108.32,
          "inventory": 707892953932.25,
          "long_term_debt": 42930925109.42,
          "shares_outstanding": 11039152001.0,
          "total_assets": 1432222053278.0,
          "total_equity": 140001406138.86,
          "total_liabilities": 1216330293681.77
        },
        "frequency": null,
        "update_flag": null,
        "announced_date": null
      },
      {
        "ticker": "000002.SZ",
        "period": "2018-06-30",
        "statement_type": "BS",
        "metrics": {
          "accounts_payable": 162324437434.72,
          "cash_and_equivalents": 159552055382.09,
          "current_assets": 1144791291822.55,
          "current_liabilities": 969761720752.31,
          "inventory": 638623464524.31,
          "long_term_debt": 37626703398.47,
          "shares_outstanding": 11039152001.0,
          "total_assets": 1345151635212.87,
          "total_equity": 134892180436.06,
          "total_liabilities": 1139367483490.15
        },
        "frequency": null,
        "update_flag": null,
        "announced_date": null
      },
      {
        "ticker": "000002.SZ",
        "period": "2018-03-31",
        "statement_type": "BS",
        "metrics": {
          "accounts_payable": 169803127143.56,
          "cash_and_equivalents": 94782314661.13,
          "current_assets": 1066315277592.11,
          "current_liabilities": 880953672253.46,
          "inventory": 630092963585.19,
          "long_term_debt": 31652353113.61,
          "shares_outstanding": 11039152001.0,
          "total_assets": 1224264792316.36,
          "total_equity": 136185181256.09,
          "total_liabilities": 1028927389931.85
        },
        "frequency": null,
        "update_flag": null,
        "announced_date": null
      },
      {
        "ticker": "000002.SZ",
        "period": "2017-12-31",
        "statement_type": "BS",
        "metrics": {
          "accounts_payable": 173439402739.67,
          "cash_and_equivalents": 174121009199.93,
          "current_assets": 1017552832148.3,
          "current_liabilities": 847355429875.81,
          "inventory": 598087657618.33,
          "long_term_debt": 32322671927.21,
          "shares_outstanding": 11039152001.0,
          "total_assets": 1165346917804.55,
          "total_equity": 132675315293.33,
          "total_liabilities": 978672978646.26
        },
        "frequency": null,
        "update_flag": null,
        "announced_date": null
      },
      {
        "ticker": "000002.SZ",
        "period": "2017-09-30",
        "statement_type": "BS",
        "metrics": {
          "accounts_payable": 135947346263.21,
          "cash_and_equivalents": 94352631304.03,
          "current_assets": 899748874013.21,
          "current_liabilities": 743441071722.2,
          "inventory": 550572755680.26,
          "long_term_debt": 27058349371.01,
          "shares_outstanding": 11039152001.0,
          "total_assets": 1018381990533.1,
          "total_equity": 116373274594.17,
          "total_liabilities": 850656698669.71
        },
        "frequency": null,
        "update_flag": null,
        "announced_date": null
      },
      {
        "ticker": "000002.SZ",
        "period": "2017-06-30",
        "statement_type": "BS",
        "metrics": {
          "accounts_payable": 130957238033.04,
          "cash_and_equivalents": 107563206080.73,
          "current_assets": 812234943094.67,
          "current_liabilities": 676123581477.98,
          "inventory": 496299054035.81,
          "long_term_debt": 23282917384.02,
          "shares_outstanding": 11039152001.0,
          "total_assets": 929265916207.12,
          "total_equity": 112640655107.36,
          "total_liabilities": 768108159850.6
        },
        "frequency": null,
        "update_flag": null,
        "announced_date": null
      },
      {
        "ticker": "000002.SZ",
        "period": "2017-03-31",
        "statement_type": "BS",
        "metrics": {
          "accounts_payable": 123236723837.55,
          "cash_and_equivalents": 90969143057.96,
          "current_assets": 773242895555.83,
          "current_liabilities": 627634003886.99,
          "inventory": 491636691410.67,
          "long_term_debt": 23438078526.95,
          "shares_outstanding": 11039152001.0,
          "total_assets": 886753515225.75,
          "total_equity": 113971376247.12,
          "total_liabilities": 724767498902.75
        },
        "frequency": null,
        "update_flag": null,
        "announced_date": null
      },
      {
        "ticker": "000002.SZ",
        "period": "2016-12-31",
        "statement_type": "BS",
        "metrics": {
          "accounts_payable": 138047562476.06,
          "cash_and_equivalents": 87032118210.63,
          "current_assets": 721295427853.28,
          "current_liabilities": 579998485463.07,
          "inventory": 467361336133.57,
          "long_term_debt": 29108375807.96,
          "shares_outstanding": 11039152001.0,
          "total_assets": 830674213924.14,
          "total_equity": 113444766722.65,
          "total_liabilities": 668997642643.14
        },
        "frequency": null,
        "update_flag": null,
        "announced_date": null
      },
      {
        "ticker": "000002.SZ",
        "period": "2016-09-30",
        "statement_type": "BS",
        "metrics": {
          "accounts_payable": 118760360775.11,
          "cash_and_equivalents": 75187017626.78,
          "current_assets": 665296814347.39,
          "current_liabilities": 553158284276.1,
          "inventory": 446850412127.12,
          "long_term_debt": 25403777895.91,
          "shares_outstanding": 11039152001.0,
          "total_assets": 755929647875.75,
          "total_equity": 100403529962.69,
          "total_liabilities": 612396066290.95
        },
        "frequency": null,
        "update_flag": null,
        "announced_date": null
      },
      {
        "ticker": "000002.SZ",
        "period": "2016-06-30",
        "statement_type": "BS",
        "metrics": {
          "accounts_payable": 106705559765.71,
          "cash_and_equivalents": 71867989238.43,
          "current_assets": 634896750332.29,
          "current_liabilities": 509867467607.56,
          "inventory": 427520274252.35,
          "long_term_debt": 25382948489.41,
          "shares_outstanding": 11039152001.0,
          "total_assets": 712306691248.75,
          "total_equity": 97460727287.97,
          "total_liabilities": 574132643250.84
        },
        "frequency": null,
        "update_flag": null,
        "announced_date": null
      },
      {
        "ticker": "000002.SZ",
        "period": "2016-03-31",
        "statement_type": "BS",
        "metrics": {
          "accounts_payable": 92043786892.46,
          "cash_and_equivalents": 52784761696.94,
          "current_assets": 589879618488.03,
          "current_liabilities": 456898642513.12,
          "inventory": 412887906188.58,
          "long_term_debt": 21973577294.32,
          "shares_outstanding": 11039152001.0,
          "total_assets": 658837478395.54,
          "total_equity": 100636736796.09,
          "total_liabilities": 520088594894.49
        },
        "frequency": null,
        "update_flag": null,
        "announced_date": null
      },
      {
        "ticker": "000002.SZ",
        "period": "2015-12-31",
        "statement_type": "BS",
        "metrics": {
          "accounts_payable": 91446458420.61,
          "cash_and_equivalents": 53180381016.34,
          "current_assets": 547024375866.34,
          "current_liabilities": 420061826880.58,
          "inventory": 368121930513.33,
          "long_term_debt": 19015812338.88,
          "shares_outstanding": 11051612300.0,
          "total_assets": 611295567689.29,
          "total_equity": 100183517822.33,
          "total_liabilities": 474985950368.27
        },
        "frequency": null,
        "update_flag": null,
        "announced_date": null
      },
      {
        "ticker": "000002.SZ",
        "period": "2015-09-30",
        "statement_type": "BS",
        "metrics": {
          "accounts_payable": 76799528491.31,
          "cash_and_equivalents": 42734555138.81,
          "current_assets": 520001303260.87,
          "current_liabilities": 402084474770.06,
          "inventory": 351392371154.3,
          "long_term_debt": 16872085068.33,
          "shares_outstanding": 11049610300.0,
          "total_assets": 570793421050.7,
          "total_equity": 88926075003.29,
          "total_liabilities": 449668202241.14
        },
        "frequency": null,
        "update_flag": null,
        "announced_date": null
      },
      {
        "ticker": "000002.SZ",
        "period": "2015-06-30",
        "statement_type": "BS",
        "metrics": {
          "accounts_payable": 63623926045.13,
          "cash_and_equivalents": 44612562238.72,
          "current_assets": 489991533467.29,
          "current_liabilities": 378967586452.18,
          "inventory": 333046699797.02,
          "long_term_debt": 11614241705.86,
          "shares_outstanding": 11048058100.0,
          "total_assets": 536937642517.23,
          "total_equity": 87272694622.76,
          "total_liabilities": 419137785852.01
        },
        "frequency": null,
        "update_flag": null,
        "announced_date": null
      },
      {
        "ticker": "000002.SZ",
        "period": "2015-03-31",
        "statement_type": "BS",
        "metrics": {
          "accounts_payable": 65715845568.78,
          "cash_and_equivalents": 38889714570.47,
          "current_assets": 481198600848.07,
          "current_liabilities": 369307805281.06,
          "inventory": 336621027400.9,
          "long_term_debt": 11626413267.16,
          "shares_outstanding": 11046108081.0,
          "total_assets": 526040441430.28,
          "total_equity": 88877231658.13,
          "total_liabilities": 409836918646.66
        },
        "frequency": null,
        "update_flag": null,
        "announced_date": null
      },
      {
        "ticker": "000002.SZ",
        "period": "2014-12-31",
        "statement_type": "BS",
        "metrics": {
          "accounts_payable": 67047199764.55,
          "cash_and_equivalents": 62715253375.94,
          "current_assets": 464805697453.18,
          "current_liabilities": 345654030971.64,
          "inventory": 317726378468.22,
          "long_term_debt": 11612231836.68,
          "shares_outstanding": 11037507242.0,
          "total_assets": 508408755415.65,
          "total_equity": 88164569909.35,
          "total_liabilities": 392515138495.68
        },
        "frequency": null,
        "update_flag": null,
        "announced_date": null
      },
      {
        "ticker": "000002.SZ",
        "period": "2014-09-30",
        "statement_type": "BS",
        "metrics": {
          "accounts_payable": 60344787658.55,
          "cash_and_equivalents": 48741855059.14,
          "current_assets": 476931438577.25,
          "current_liabilities": 356126594906.02,
          "inventory": 351234702363.24,
          "long_term_debt": 9888438741.99,
          "shares_outstanding": 11017065969.0,
          "total_assets": 519974136115.25,
          "total_equity": 78529485024.96,
          "total_liabilities": 413791622756.4
        },
        "frequency": null,
        "update_flag": null,
        "announced_date": null
      },
      {
        "ticker": "000002.SZ",
        "period": "2014-06-30",
        "statement_type": "BS",
        "metrics": {
          "accounts_payable": 59668028767.1,
          "cash_and_equivalents": 42861721091.89,
          "current_assets": 461746985010.65,
          "current_liabilities": 336160914777.09,
          "inventory": 341667664762.27,
          "long_term_debt": 9900821941.49,
          "shares_outstanding": 11015027119.0,
          "total_assets": 501774293462.21,
          "total_equity": 76888474622.63,
          "total_liabilities": 396054413569.37
        },
        "frequency": null,
        "update_flag": null,
        "announced_date": null
      },
      {
        "ticker": "000002.SZ",
        "period": "2014-03-31",
        "statement_type": "BS",
        "metrics": {
          "accounts_payable": 55598684734.25,
          "cash_and_equivalents": 37525817692.8,
          "current_assets": 457764427482.5,
          "current_liabilities": 341351899587.52,
          "inventory": 340564884966.94,
          "long_term_debt": 7469031945.19,
          "shares_outstanding": 11014968919.0,
          "total_assets": 495118977268.6,
          "total_equity": 73543695950.63,
          "total_liabilities": 393368005532.22
        },
        "frequency": null,
        "update_flag": null,
        "announced_date": null
      },
      {
        "ticker": "000002.SZ",
        "period": "2013-12-31",
        "statement_type": "BS",
        "metrics": {
          "accounts_payable": 63958459138.78,
          "cash_and_equivalents": 44365409795.23,
          "current_assets": 442046585199.61,
          "current_liabilities": 328921832209.92,
          "inventory": 331133223278.99,
          "long_term_debt": 7398391932.47,
          "shares_outstanding": 11014968919.0,
          "total_assets": 479205323490.54,
          "total_equity": 76895983339.7,
          "total_liabilities": 373765900091.91
        },
        "frequency": null,
        "update_flag": null,
        "announced_date": null
      },
      {
        "ticker": "000002.SZ",
        "period": "2013-09-30",
        "statement_type": "BS",
        "metrics": {
          "accounts_payable": 47359086737.99,
          "cash_and_equivalents": 37063558411.45,
          "current_assets": 441639780695.14,
          "current_liabilities": 330162699156.98,
          "inventory": 338834053099.04,
          "long_term_debt": 4809002179.89,
          "shares_outstanding": 11014872119.0,
          "total_assets": 461137800353.88,
          "total_equity": 68265637977.17,
          "total_liabilities": 366771261630.37
        },
        "frequency": null,
        "update_flag": null,
        "announced_date": null
      },
      {
        "ticker": "000002.SZ",
        "period": "2013-06-30",
        "statement_type": "BS",
        "metrics": {
          "accounts_payable": 48312393766.42,
          "cash_and_equivalents": 37603625994.77,
          "current_assets": 413169026674.08,
          "current_liabilities": 314101301063.91,
          "inventory": 311143507991.61,
          "long_term_debt": 4831780996.48,
          "shares_outstanding": 11013724969.0,
          "total_assets": 432241960220.85,
          "total_equity": 66644627234.02,
          "total_liabilities": 344176478004.65
        },
        "frequency": null,
        "update_flag": null,
        "announced_date": null
      },
      {
        "ticker": "000002.SZ",
        "period": "2013-03-31",
        "statement_type": "BS",
        "metrics": {
          "accounts_payable": 43029674846.11,
          "cash_and_equivalents": 52258688500.11,
          "current_assets": 401099311941.06,
          "current_liabilities": 299237121799.42,
          "inventory": 289765724060.82,
          "long_term_debt": 4945911790.7,
          "shares_outstanding": 11006757559.0,
          "total_assets": 417894248034.75,
          "total_equity": 65578003059.72,
          "total_liabilities": 333267820796.28
        },
        "frequency": null,
        "update_flag": null,
        "announced_date": null
      },
      {
        "ticker": "000002.SZ",
        "period": "2012-12-31",
        "statement_type": "BS",
        "metrics": {
          "accounts_payable": 44860995716.97,
          "cash_and_equivalents": 52291542055.49,
          "current_assets": 362773737335.37,
          "current_liabilities": 259833566711.09,
          "inventory": 255164112985.07,
          "long_term_debt": 25624959204.23,
          "shares_outstanding": 10995553118.0,
          "total_assets": 378801615075.37,
          "total_equity": 63825553925.3,
          "total_liabilities": 296663420087.27
        },
        "frequency": null,
        "update_flag": null,
        "announced_date": null
      },
      {
        "ticker": "000002.SZ",
        "period": "2012-09-30",
        "statement_type": "BS",
        "metrics": {
          "accounts_payable": 32064096860.89,
          "cash_and_equivalents": 33307397473.86,
          "current_assets": 331719817159.88,
          "current_liabilities": 233554999680.37,
          "inventory": 246708454387.2,
          "long_term_debt": 5873620897.15,
          "shares_outstanding": 10995441718.0,
          "total_assets": 347774599925.45,
          "total_equity": 56321762857.4,
          "total_liabilities": 276133737595.01
        },
        "frequency": null,
        "update_flag": null,
        "announced_date": null
      },
      {
        "ticker": "000002.SZ",
        "period": "2012-06-30",
        "statement_type": "BS",
        "metrics": {
          "accounts_payable": 28685304439.45,
          "cash_and_equivalents": 47012188240.68,
          "current_assets": 316242106061.5,
          "current_liabilities": 217101120675.57,
          "inventory": 226360863597.22,
          "long_term_debt": 5865753236.39,
          "shares_outstanding": 10995210218.0,
          "total_assets": 330401184008.97,
          "total_equity": 55099815265.48,
          "total_liabilities": 260567210333.74
        },
        "frequency": null,
        "update_flag": null,
        "announced_date": null
      },
      {
        "ticker": "000002.SZ",
        "period": "2012-03-31",
        "statement_type": "BS",
        "metrics": {
          "accounts_payable": 28223693829.62,
          "cash_and_equivalents": 39054424566.76,
          "current_assets": 296691048254.06,
          "current_liabilities": 203348130231.32,
          "inventory": 214701089352.32,
          "long_term_debt": 5858012626.76,
          "shares_outstanding": 10995210218.0,
          "total_assets": 310436504322.24,
          "total_equity": 54358307744.88,
          "total_liabilities": 241315797685.36
        },
        "frequency": null,
        "update_flag": null,
        "announced_date": null
      },
      {
        "ticker": "000002.SZ",
        "period": "2011-12-31",
        "statement_type": "BS",
        "metrics": {
          "accounts_payable": 29745813416.12,
          "cash_and_equivalents": 34239514295.08,
          "current_assets": 282646654855.19,
          "current_liabilities": 200724160315.26,
          "inventory": 208335493569.16,
          "long_term_debt": 5850397011.2,
          "shares_outstanding": 10995210218.0,
          "total_assets": 296208440030.05,
          "total_equity": 52967795010.41,
          "total_liabilities": 228375901483.02
        },
        "frequency": null,
        "update_flag": null,
        "announced_date": null
      },
      {
        "ticker": "000002.SZ",
        "period": "2011-09-30",
        "statement_type": "BS",
        "metrics": {
          "accounts_payable": 20479603331.8,
          "cash_and_equivalents": 33899446885.85,
          "current_assets": 271826134915.88,
          "current_liabilities": 194654158193.11,
          "inventory": 192936430376.88,
          "long_term_debt": 5842904366.15,
          "shares_outstanding": 10995210218.0,
          "total_assets": 283205805806.24,
          "total_equity": 46895708484.82,
          "total_liabilities": 223652053634.26
        },
        "frequency": null,
        "update_flag": null,
        "announced_date": null
      },
      {
        "ticker": "000002.SZ",
        "period": "2011-06-30",
        "statement_type": "BS",
        "metrics": {
          "accounts_payable": 18435021487.32,
          "cash_and_equivalents": 40779468533.59,
          "current_assets": 249770795645.37,
          "current_liabilities": 172594413838.17,
          "inventory": 171366411442.19,
          "long_term_debt": 5835532700.74,
          "shares_outstanding": 10995210218.0,
          "total_assets": 260960278715.02,
          "total_equity": 46204532889.3,
          "total_liabilities": 203152796088.11
        },
        "frequency": null,
        "update_flag": null,
        "announced_date": null
      },
      {
        "ticker": "000002.SZ",
        "period": "2011-03-31",
        "statement_type": "BS",
        "metrics": {
          "accounts_payable": 16225661524.35,
          "cash_and_equivalents": 37189322962.18,
          "current_assets": 224646643591.03,
          "current_liabilities": 151807436944.93,
          "inventory": 150852395368.06,
          "long_term_debt": 5825899822.99,
          "shares_outstanding": 10995210218.0,
          "total_assets": 235358830324.57,
          "total_equity": 45532824228.66,
          "total_liabilities": 179229585865.1
        },
        "frequency": null,
        "update_flag": null,
        "announced_date": null
      },
      {
        "ticker": "000002.SZ",
        "period": "2010-12-31",
        "statement_type": "BS",
        "metrics": {
          "accounts_payable": 16923777818.98,
          "cash_and_equivalents": 37816932911.84,
          "current_assets": 205520732201.32,
          "current_liabilities": 129650791498.49,
          "inventory": 133333458045.93,
          "long_term_debt": 5821144507.03,
          "shares_outstanding": 10995210218.0,
          "total_assets": 215637551741.83,
          "total_equity": 44232676791.11,
          "total_liabilities": 161051352099.42
        },
        "frequency": null,
        "update_flag": null,
        "announced_date": null
      },
      {
        "ticker": "000002.SZ",
        "period": "2010-09-30",
        "statement_type": "BS",
        "metrics": {
          "accounts_payable": 13134370053.86,
          "cash_and_equivalents": 31543455323.84,
          "current_assets": 179605587531.1,
          "current_liabilities": 108691043196.62,
          "inventory": 123195755582.51,
          "long_term_debt": 5814124156.63,
          "shares_outstanding": 10995210218.0,
          "total_assets": 187935298155.38,
          "total_equity": 40255221613.68,
          "total_liabilities": 138598564972.19
        },
        "frequency": null,
        "update_flag": null,
        "announced_date": null
      },
      {
        "ticker": "000002.SZ",
        "period": "2010-06-30",
        "statement_type": "BS",
        "metrics": {
          "accounts_payable": 13345146050.98,
          "cash_and_equivalents": 19111314733.47,
          "current_assets": 152561515901.91,
          "current_liabilities": 85884688461.1,
          "inventory": 111531216743.51,
          "long_term_debt": 5807217140.8,
          "shares_outstanding": 10995210218.0,
          "total_assets": 160512664552.08,
          "total_equity": 39772953744.39,
          "total_liabilities": 112092855774.28
        },
        "frequency": null,
        "update_flag": null,
        "announced_date": null
      },
      {
        "ticker": "000002.SZ",
        "period": "2010-03-31",
        "statement_type": "BS",
        "metrics": {
          "accounts_payable": 15937825057.03,
          "cash_and_equivalents": 17917618441.85,
          "current_assets": 140886939320.2,
          "current_liabilities": 77734839278.39,
          "inventory": 103511656967.35,
          "long_term_debt": 5800421625.15,
          "shares_outstanding": 10995210218.0,
          "total_assets": 148395955756.86,
          "total_equity": 38979193609.75,
          "total_liabilities": 101002445169.57
        },
        "frequency": null,
        "update_flag": null,
        "announced_date": null
      },
      {
        "ticker": "000002.SZ",
        "period": "2009-12-31",
        "statement_type": "BS",
        "metrics": {
          "accounts_payable": 16300047905.75,
          "cash_and_equivalents": 23001923830.8,
          "current_assets": 130323279449.37,
          "current_liabilities": 68058279849.28,
          "inventory": 90085294305.52,
          "long_term_debt": 5793735805.14,
          "shares_outstanding": 10995210218.0,
          "total_assets": 137608554829.39,
          "total_equity": 37375888061.14,
          "total_liabilities": 92200042375.32
        },
        "frequency": null,
        "update_flag": null,
        "announced_date": null
      },
      {
        "ticker": "000002.SZ",
        "period": "2009-09-30",
        "statement_type": "BS",
        "metrics": {
          "accounts_payable": 12127516745.1,
          "cash_and_equivalents": 27614616095.17,
          "current_assets": 123792767959.72,
          "current_liabilities": 62865226540.52,
          "inventory": 86752229378.23,
          "long_term_debt": 5787157905.36,
          "shares_outstanding": 10995210218.0,
          "total_assets": 129502509181.71,
          "total_equity": 34942753923.68,
          "total_liabilities": 87138359462.8
        },
        "frequency": null,
        "update_flag": null,
        "announced_date": null
      },
      {
        "ticker": "000002.SZ",
        "period": "2009-06-30",
        "statement_type": "BS",
        "metrics": {
          "accounts_payable": 12198850105.46,
          "cash_and_equivalents": 26880423542.74,
          "current_assets": 118808776465.55,
          "current_liabilities": 62638612948.81,
          "inventory": 84165799266.96,
          "long_term_debt": 5780686179.42,
          "shares_outstanding": 10995210218.0,
          "total_assets": 124519928693.78,
          "total_equity": 34521271885.59,
          "total_liabilities": 82714986998.65
        },
        "frequency": null,
        "update_flag": null,
        "announced_date": null
      },
      {
        "ticker": "000002.SZ",
        "period": "2009-03-31",
        "statement_type": "BS",
        "metrics": {
          "accounts_payable": 11057267587.88,
          "cash_and_equivalents": 26921921879.8,
          "current_assets": 119104076268.88,
          "current_liabilities": 66263834333.51,
          "inventory": 84255401400.76,
          "long_term_debt": 5774318909.16,
          "shares_outstanding": 10995210218.0,
          "total_assets": 124833896323.46,
          "total_equity": 32690950450.18,
          "total_liabilities": 85101543125.36
        },
        "frequency": null,
        "update_flag": null,
        "announced_date": null
      },
      {
        "ticker": "000002.SZ",
        "period": "2008-12-31",
        "statement_type": "BS",
        "metrics": {
          "accounts_payable": 12895962836.63,
          "cash_and_equivalents": 19978285929.92,
          "current_assets": 113456373203.92,
          "current_liabilities": 64553721902.6,
          "inventory": 85898696524.95,
          "long_term_debt": 5768015997.01,
          "shares_outstanding": 10995210218.0,
          "total_assets": 119236579721.09,
          "total_equity": 31891925262.4,
          "total_liabilities": 80418030239.89
        },
        "frequency": null,
        "update_flag": null,
        "announced_date": null
      },
      {
        "ticker": "000002.SZ",
        "period": "2008-09-30",
        "statement_type": "BS",
        "metrics": {
          "accounts_payable": 10198440954.15,
          "cash_and_equivalents": 19942417819.5,
          "current_assets": 117151847624.31,
          "current_liabilities": 67961030407.22,
          "inventory": 87375573467.61,
          "long_term_debt": 5761746675.83,
          "shares_outstanding": 10995210218.0,
          "total_assets": 121465278006.22,
          "total_equity": 30089228380.51,
          "total_liabilities": 84613624978.24,
          "price": 4.95,
          "market_cap": 54426290579.1
        },
        "frequency": null,
        "update_flag": null,
        "announced_date": null
      }
    ],
    "cash_flows": [
      {
        "ticker": "000002.SZ",
        "period": "2025-09-30",
        "statement_type": "CF",
        "metrics": {
          "capital_expenditures": 628553518.27,
          "operating_cash_flow": -5889347829.66
        },
        "frequency": null,
        "update_flag": null,
        "announced_date": null
      },
      {
        "ticker": "000002.SZ",
        "period": "2025-06-30",
        "statement_type": "CF",
        "metrics": {
          "capital_expenditures": 408602494.86,
          "operating_cash_flow": -3038704592.78
        },
        "frequency": null,
        "update_flag": null,
        "announced_date": null
      },
      {
        "ticker": "000002.SZ",
        "period": "2025-03-31",
        "statement_type": "CF",
        "metrics": {
          "capital_expenditures": 355534015.64,
          "operating_cash_flow": -5792568806.59
        },
        "frequency": null,
        "update_flag": null,
        "announced_date": null
      },
      {
        "ticker": "000002.SZ",
        "period": "2024-12-31",
        "statement_type": "CF",
        "metrics": {
          "capital_expenditures": 2629422004.7,
          "operating_cash_flow": 3799847632.35
        },
        "frequency": null,
        "update_flag": null,
        "announced_date": null
      },
      {
        "ticker": "000002.SZ",
        "period": "2024-09-30",
        "statement_type": "CF",
        "metrics": {
          "capital_expenditures": 2037279038.73,
          "operating_cash_flow": -4847650023.78
        },
        "frequency": null,
        "update_flag": null,
        "announced_date": null
      },
      {
        "ticker": "000002.SZ",
        "period": "2024-06-30",
        "statement_type": "CF",
        "metrics": {
          "capital_expenditures": 1524603811.44,
          "operating_cash_flow": -5176325811.1
        },
        "frequency": null,
        "update_flag": null,
        "announced_date": null
      },
      {
        "ticker": "000002.SZ",
        "period": "2024-03-31",
        "statement_type": "CF",
        "metrics": {
          "capital_expenditures": 484859998.57,
          "operating_cash_flow": -9421419428.01
        },
        "frequency": null,
        "update_flag": null,
        "announced_date": null
      },
      {
        "ticker": "000002.SZ",
        "period": "2023-12-31",
        "statement_type": "CF",
        "metrics": {
          "capital_expenditures": 8527928363.71,
          "operating_cash_flow": 3912323920.11
        },
        "frequency": null,
        "update_flag": null,
        "announced_date": null
      },
      {
        "ticker": "000002.SZ",
        "period": "2023-09-30",
        "statement_type": "CF",
        "metrics": {
          "capital_expenditures": 5343104151.26,
          "operating_cash_flow": 235323600.88
        },
        "frequency": null,
        "update_flag": null,
        "announced_date": null
      },
      {
        "ticker": "000002.SZ",
        "period": "2023-06-30",
        "statement_type": "CF",
        "metrics": {
          "capital_expenditures": 3956823979.83,
          "operating_cash_flow": 1864499635.13
        },
        "frequency": null,
        "update_flag": null,
        "announced_date": null
      },
      {
        "ticker": "000002.SZ",
        "period": "2023-03-31",
        "statement_type": "CF",
        "metrics": {
          "capital_expenditures": 2854767409.87,
          "operating_cash_flow": 7001300467.87
        },
        "frequency": null,
        "update_flag": null,
        "announced_date": null
      },
      {
        "ticker": "000002.SZ",
        "period": "2022-12-31",
        "statement_type": "CF",
        "metrics": {
          "capital_expenditures": 10158297399.91,
          "operating_cash_flow": 2750449478.44
        },
        "frequency": null,
        "update_flag": null,
        "announced_date": null
      },
      {
        "ticker": "000002.SZ",
        "period": "2022-09-30",
        "statement_type": "CF",
        "metrics": {
          "capital_expenditures": 4815262528.27,
          "operating_cash_flow": -4175709127.55
        },
        "frequency": null,
        "update_flag": null,
        "announced_date": null
      },
      {
        "ticker": "000002.SZ",
        "period": "2022-06-30",
        "statement_type": "CF",
        "metrics": {
          "capital_expenditures": 1879618259.3,
          "operating_cash_flow": 8288020493.16
        },
        "frequency": null,
        "update_flag": null,
        "announced_date": null
      },
      {
        "ticker": "000002.SZ",
        "period": "2022-03-31",
        "statement_type": "CF",
        "metrics": {
          "capital_expenditures": 511101941.88,
          "operating_cash_flow": -13259189892.38
        },
        "frequency": null,
        "update_flag": null,
        "announced_date": null
      },
      {
        "ticker": "000002.SZ",
        "period": "2021-12-31",
        "statement_type": "CF",
        "metrics": {
          "capital_expenditures": 15250058837.88,
          "operating_cash_flow": 4113160948.2
        },
        "frequency": null,
        "update_flag": null,
        "announced_date": null
      },
      {
        "ticker": "000002.SZ",
        "period": "2021-09-30",
        "statement_type": "CF",
        "metrics": {
          "capital_expenditures": 18054936871.45,
          "operating_cash_flow": 1219687037.31
        },
        "frequency": null,
        "update_flag": null,
        "announced_date": null
      },
      {
        "ticker": "000002.SZ",
        "period": "2021-06-30",
        "statement_type": "CF",
        "metrics": {
          "capital_expenditures": 6222294169.68,
          "operating_cash_flow": 6781560273.77
        },
        "frequency": null,
        "update_flag": null,
        "announced_date": null
      },
      {
        "ticker": "000002.SZ",
        "period": "2021-03-31",
        "statement_type": "CF",
        "metrics": {
          "capital_expenditures": 752740264.96,
          "operating_cash_flow": 16879434478.49
        },
        "frequency": null,
        "update_flag": null,
        "announced_date": null
      },
      {
        "ticker": "000002.SZ",
        "period": "2020-12-31",
        "statement_type": "CF",
        "metrics": {
          "capital_expenditures": 12937284477.77,
          "operating_cash_flow": 53188022243.81
        },
        "frequency": null,
        "update_flag": null,
        "announced_date": null
      },
      {
        "ticker": "000002.SZ",
        "period": "2020-09-30",
        "statement_type": "CF",
        "metrics": {
          "capital_expenditures": 9901209472.99,
          "operating_cash_flow": 33380868586.36
        },
        "frequency": null,
        "update_flag": null,
        "announced_date": null
      },
      {
        "ticker": "000002.SZ",
        "period": "2020-06-30",
        "statement_type": "CF",
        "metrics": {
          "capital_expenditures": 4681661282.62,
          "operating_cash_flow": 22605962036.88
        },
        "frequency": null,
        "update_flag": null,
        "announced_date": null
      },
      {
        "ticker": "000002.SZ",
        "period": "2020-03-31",
        "statement_type": "CF",
        "metrics": {
          "capital_expenditures": 3243769966.46,
          "operating_cash_flow": -2953862229.68
        },
        "frequency": null,
        "update_flag": null,
        "announced_date": null
      },
      {
        "ticker": "000002.SZ",
        "period": "2019-12-31",
        "statement_type": "CF",
        "metrics": {
          "capital_expenditures": 27924969315.42,
          "operating_cash_flow": 45686809515.08
        },
        "frequency": null,
        "update_flag": null,
        "announced_date": null
      },
      {
        "ticker": "000002.SZ",
        "period": "2019-09-30",
        "statement_type": "CF",
        "metrics": {
          "capital_expenditures": 23196769855.18,
          "operating_cash_flow": 1734412256.24
        },
        "frequency": null,
        "update_flag": null,
        "announced_date": null
      },
      {
        "ticker": "000002.SZ",
        "period": "2019-06-30",
        "statement_type": "CF",
        "metrics": {
          "capital_expenditures": 15761207403.19,
          "operating_cash_flow": 8853110066.35
        },
        "frequency": null,
        "update_flag": null,
        "announced_date": null
      },
      {
        "ticker": "000002.SZ",
        "period": "2019-03-31",
        "statement_type": "CF",
        "metrics": {
          "capital_expenditures": 1769849123.12,
          "operating_cash_flow": -26712603541.4
        },
        "frequency": null,
        "update_flag": null,
        "announced_date": null
      },
      {
        "ticker": "000002.SZ",
        "period": "2018-12-31",
        "statement_type": "CF",
        "metrics": {
          "capital_expenditures": 47295233900.4,
          "operating_cash_flow": 33618183388.52
        },
        "frequency": null,
        "update_flag": null,
        "announced_date": null
      },
      {
        "ticker": "000002.SZ",
        "period": "2018-09-30",
        "statement_type": "CF",
        "metrics": {
          "capital_expenditures": 57342627555.55,
          "operating_cash_flow": -25731174684.45
        },
        "frequency": null,
        "update_flag": null,
        "announced_date": null
      },
      {
        "ticker": "000002.SZ",
        "period": "2018-06-30",
        "statement_type": "CF",
        "metrics": {
          "capital_expenditures": 39376544578.69,
          "operating_cash_flow": -4255092906.29
        },
        "frequency": null,
        "update_flag": null,
        "announced_date": null
      },
      {
        "ticker": "000002.SZ",
        "period": "2018-03-31",
        "statement_type": "CF",
        "metrics": {
          "capital_expenditures": 48539198865.94,
          "operating_cash_flow": -27753653226.06
        },
        "frequency": null,
        "update_flag": null,
        "announced_date": null
      },
      {
        "ticker": "000002.SZ",
        "period": "2017-12-31",
        "statement_type": "CF",
        "metrics": {
          "capital_expenditures": 46833228034.38,
          "operating_cash_flow": 82322834216.5
        },
        "frequency": null,
        "update_flag": null,
        "announced_date": null
      },
      {
        "ticker": "000002.SZ",
        "period": "2017-09-30",
        "statement_type": "CF",
        "metrics": {
          "capital_expenditures": 9365636520.76,
          "operating_cash_flow": 16706237885.25
        },
        "frequency": null,
        "update_flag": null,
        "announced_date": null
      },
      {
        "ticker": "000002.SZ",
        "period": "2017-06-30",
        "statement_type": "CF",
        "metrics": {
          "capital_expenditures": 7805909264.97,
          "operating_cash_flow": 21850160718.36
        },
        "frequency": null,
        "update_flag": null,
        "announced_date": null
      },
      {
        "ticker": "000002.SZ",
        "period": "2017-03-31",
        "statement_type": "CF",
        "metrics": {
          "capital_expenditures": 1002803029.69,
          "operating_cash_flow": -9523936365.94
        },
        "frequency": null,
        "update_flag": null,
        "announced_date": null
      },
      {
        "ticker": "000002.SZ",
        "period": "2016-12-31",
        "statement_type": "CF",
        "metrics": {
          "capital_expenditures": 31771132896.71,
          "operating_cash_flow": 39566129021.69
        },
        "frequency": null,
        "update_flag": null,
        "announced_date": null
      },
      {
        "ticker": "000002.SZ",
        "period": "2016-09-30",
        "statement_type": "CF",
        "metrics": {
          "capital_expenditures": 18791118726.67,
          "operating_cash_flow": 42985894837.63
        },
        "frequency": null,
        "update_flag": null,
        "announced_date": null
      },
      {
        "ticker": "000002.SZ",
        "period": "2016-06-30",
        "statement_type": "CF",
        "metrics": {
          "capital_expenditures": 9140650773.09,
          "operating_cash_flow": 25797213427.97
        },
        "frequency": null,
        "update_flag": null,
        "announced_date": null
      },
      {
        "ticker": "000002.SZ",
        "period": "2016-03-31",
        "statement_type": "CF",
        "metrics": {
          "capital_expenditures": 1643694650.8,
          "operating_cash_flow": -10726129132.78
        },
        "frequency": null,
        "update_flag": null,
        "announced_date": null
      },
      {
        "ticker": "000002.SZ",
        "period": "2015-12-31",
        "statement_type": "CF",
        "metrics": {
          "capital_expenditures": 11713434030.0,
          "operating_cash_flow": 16046020691.5
        },
        "frequency": null,
        "update_flag": null,
        "announced_date": null
      },
      {
        "ticker": "000002.SZ",
        "period": "2015-09-30",
        "statement_type": "CF",
        "metrics": {
          "capital_expenditures": 4039217929.84,
          "operating_cash_flow": -4682998199.92
        },
        "frequency": null,
        "update_flag": null,
        "announced_date": null
      },
      {
        "ticker": "000002.SZ",
        "period": "2015-06-30",
        "statement_type": "CF",
        "metrics": {
          "capital_expenditures": 2675632901.73,
          "operating_cash_flow": -6808355734.53
        },
        "frequency": null,
        "update_flag": null,
        "announced_date": null
      },
      {
        "ticker": "000002.SZ",
        "period": "2015-03-31",
        "statement_type": "CF",
        "metrics": {
          "capital_expenditures": 372489913.92,
          "operating_cash_flow": -15344421452.01
        },
        "frequency": null,
        "update_flag": null,
        "announced_date": null
      },
      {
        "ticker": "000002.SZ",
        "period": "2014-12-31",
        "statement_type": "CF",
        "metrics": {
          "capital_expenditures": 2612465182.89,
          "operating_cash_flow": 41724819113.36
        },
        "frequency": null,
        "update_flag": null,
        "announced_date": null
      },
      {
        "ticker": "000002.SZ",
        "period": "2014-09-30",
        "statement_type": "CF",
        "metrics": {
          "capital_expenditures": 2737677372.1,
          "operating_cash_flow": 17204500325.05
        },
        "frequency": null,
        "update_flag": null,
        "announced_date": null
      },
      {
        "ticker": "000002.SZ",
        "period": "2014-06-30",
        "statement_type": "CF",
        "metrics": {
          "capital_expenditures": 1471796889.05,
          "operating_cash_flow": 3432682161.49
        },
        "frequency": null,
        "update_flag": null,
        "announced_date": null
      },
      {
        "ticker": "000002.SZ",
        "period": "2014-03-31",
        "statement_type": "CF",
        "metrics": {
          "capital_expenditures": 1029217463.02,
          "operating_cash_flow": -5579130508.35
        },
        "frequency": null,
        "update_flag": null,
        "announced_date": null
      },
      {
        "ticker": "000002.SZ",
        "period": "2013-12-31",
        "statement_type": "CF",
        "metrics": {
          "capital_expenditures": 6554187216.47,
          "operating_cash_flow": 1923868889.89
        },
        "frequency": null,
        "update_flag": null,
        "announced_date": null
      },
      {
        "ticker": "000002.SZ",
        "period": "2013-09-30",
        "statement_type": "CF",
        "metrics": {
          "capital_expenditures": 2259448940.0,
          "operating_cash_flow": -12060759405.31
        },
        "frequency": null,
        "update_flag": null,
        "announced_date": null
      },
      {
        "ticker": "000002.SZ",
        "period": "2013-06-30",
        "statement_type": "CF",
        "metrics": {
          "capital_expenditures": 1890063179.02,
          "operating_cash_flow": -9792399309.57
        },
        "frequency": null,
        "update_flag": null,
        "announced_date": null
      },
      {
        "ticker": "000002.SZ",
        "period": "2013-03-31",
        "statement_type": "CF",
        "metrics": {
          "capital_expenditures": 121260000.0,
          "operating_cash_flow": -2383260770.37
        },
        "frequency": null,
        "update_flag": null,
        "announced_date": null
      },
      {
        "ticker": "000002.SZ",
        "period": "2012-12-31",
        "statement_type": "CF",
        "metrics": {
          "capital_expenditures": 500450000.0,
          "operating_cash_flow": 3725958472.52
        },
        "frequency": null,
        "update_flag": null,
        "announced_date": null
      },
      {
        "ticker": "000002.SZ",
        "period": "2012-09-30",
        "statement_type": "CF",
        "metrics": {
          "capital_expenditures": 350450000.0,
          "operating_cash_flow": -3490551173.49
        },
        "frequency": null,
        "update_flag": null,
        "announced_date": null
      },
      {
        "ticker": "000002.SZ",
        "period": "2012-06-30",
        "statement_type": "CF",
        "metrics": {
          "capital_expenditures": 131450000.0,
          "operating_cash_flow": 2819195756.85
        },
        "frequency": null,
        "update_flag": null,
        "announced_date": null
      },
      {
        "ticker": "000002.SZ",
        "period": "2012-03-31",
        "statement_type": "CF",
        "metrics": {
          "capital_expenditures": 71450000.0,
          "operating_cash_flow": 1280120650.55
        },
        "frequency": null,
        "update_flag": null,
        "announced_date": null
      },
      {
        "ticker": "000002.SZ",
        "period": "2011-12-31",
        "statement_type": "CF",
        "metrics": {
          "capital_expenditures": 1195068075.6,
          "operating_cash_flow": 3389424571.92
        },
        "frequency": null,
        "update_flag": null,
        "announced_date": null
      },
      {
        "ticker": "000002.SZ",
        "period": "2011-09-30",
        "statement_type": "CF",
        "metrics": {
          "capital_expenditures": 806413003.62,
          "operating_cash_flow": -1495378788.53
        },
        "frequency": null,
        "update_flag": null,
        "announced_date": null
      },
      {
        "ticker": "000002.SZ",
        "period": "2011-06-30",
        "statement_type": "CF",
        "metrics": {
          "capital_expenditures": 398260499.65,
          "operating_cash_flow": 3825848847.41
        },
        "frequency": null,
        "update_flag": null,
        "announced_date": null
      },
      {
        "ticker": "000002.SZ",
        "period": "2011-03-31",
        "statement_type": "CF",
        "metrics": {
          "capital_expenditures": 230841729.22,
          "operating_cash_flow": -1975209083.64
        },
        "frequency": null,
        "update_flag": null,
        "announced_date": null
      },
      {
        "ticker": "000002.SZ",
        "period": "2010-12-31",
        "statement_type": "CF",
        "metrics": {
          "capital_expenditures": 2183848057.74,
          "operating_cash_flow": 2237255451.45
        },
        "frequency": null,
        "update_flag": null,
        "announced_date": null
      },
      {
        "ticker": "000002.SZ",
        "period": "2010-09-30",
        "statement_type": "CF",
        "metrics": {
          "capital_expenditures": 1523776897.45,
          "operating_cash_flow": -1207363590.0
        },
        "frequency": null,
        "update_flag": null,
        "announced_date": null
      },
      {
        "ticker": "000002.SZ",
        "period": "2010-06-30",
        "statement_type": "CF",
        "metrics": {
          "capital_expenditures": 1453342440.83,
          "operating_cash_flow": -9514421178.97
        },
        "frequency": null,
        "update_flag": null,
        "announced_date": null
      },
      {
        "ticker": "000002.SZ",
        "period": "2010-03-31",
        "statement_type": "CF",
        "metrics": {
          "capital_expenditures": 1114037238.71,
          "operating_cash_flow": -6800224121.57
        },
        "frequency": null,
        "update_flag": null,
        "announced_date": null
      },
      {
        "ticker": "000002.SZ",
        "period": "2009-12-31",
        "statement_type": "CF",
        "metrics": {
          "capital_expenditures": 1577467490.52,
          "operating_cash_flow": 9253351319.55
        },
        "frequency": null,
        "update_flag": null,
        "announced_date": null
      },
      {
        "ticker": "000002.SZ",
        "period": "2009-09-30",
        "statement_type": "CF",
        "metrics": {
          "capital_expenditures": 202806288.52,
          "operating_cash_flow": 11241209259.63
        },
        "frequency": null,
        "update_flag": null,
        "announced_date": null
      },
      {
        "ticker": "000002.SZ",
        "period": "2009-06-30",
        "statement_type": "CF",
        "metrics": {
          "capital_expenditures": 13912577.93,
          "operating_cash_flow": 9821584634.72
        },
        "frequency": null,
        "update_flag": null,
        "announced_date": null
      },
      {
        "ticker": "000002.SZ",
        "period": "2009-03-31",
        "statement_type": "CF",
        "metrics": {
          "capital_expenditures": 13706499.23,
          "operating_cash_flow": 3684640137.2
        },
        "frequency": null,
        "update_flag": null,
        "announced_date": null
      },
      {
        "ticker": "000002.SZ",
        "period": "2008-12-31",
        "statement_type": "CF",
        "metrics": {
          "capital_expenditures": 1366213599.63,
          "operating_cash_flow": -34151830.4
        },
        "frequency": null,
        "update_flag": null,
        "announced_date": null
      },
      {
        "ticker": "000002.SZ",
        "period": "2008-09-30",
        "statement_type": "CF",
        "metrics": {
          "capital_expenditures": 251294540.52,
          "operating_cash_flow": -1989140049.57
        },
        "frequency": null,
        "update_flag": null,
        "announced_date": null
      },
      {
        "ticker": "000002.SZ",
        "period": "2008-06-30",
        "statement_type": "CF",
        "metrics": {
          "capital_expenditures": 731273193.1,
          "operating_cash_flow": -1488888722.76
        },
        "frequency": null,
        "update_flag": null,
        "announced_date": null
      },
      {
        "ticker": "000002.SZ",
        "period": "2008-03-31",
        "statement_type": "CF",
        "metrics": {
          "capital_expenditures": 550484972.9,
          "operating_cash_flow": -1419962635.15
        },
        "frequency": null,
        "update_flag": null,
        "announced_date": null
      },
      {
        "ticker": "000002.SZ",
        "period": "2007-12-31",
        "statement_type": "CF",
        "metrics": {
          "capital_expenditures": 536167214.8,
          "operating_cash_flow": -10437715815.8
        },
        "frequency": null,
        "update_flag": null,
        "announced_date": null
      },
      {
        "ticker": "000002.SZ",
        "period": "2007-09-30",
        "statement_type": "CF",
        "metrics": {
          "capital_expenditures": 257195376.0,
          "operating_cash_flow": -5909449130.45
        },
        "frequency": null,
        "update_flag": null,
        "announced_date": null
      },
      {
        "ticker": "000002.SZ",
        "period": "2007-06-30",
        "statement_type": "CF",
        "metrics": {
          "capital_expenditures": 1205588882.35,
          "operating_cash_flow": -2978922683.9
        },
        "frequency": null,
        "update_flag": null,
        "announced_date": null
      },
      {
        "ticker": "000002.SZ",
        "period": "2007-03-31",
        "statement_type": "CF",
        "metrics": {
          "capital_expenditures": 96115033.33,
          "operating_cash_flow": -3237626139.27
        },
        "frequency": null,
        "update_flag": null,
        "announced_date": null
      },
      {
        "ticker": "000002.SZ",
        "period": "2006-12-31",
        "statement_type": "CF",
        "metrics": {
          "capital_expenditures": 381140188.0,
          "operating_cash_flow": -3024121481.87
        },
        "frequency": null,
        "update_flag": null,
        "announced_date": null
      },
      {
        "ticker": "000002.SZ",
        "period": "2006-09-30",
        "statement_type": "CF",
        "metrics": {
          "capital_expenditures": 23423818.11,
          "operating_cash_flow": -4303268849.01
        },
        "frequency": null,
        "update_flag": null,
        "announced_date": null
      },
      {
        "ticker": "000002.SZ",
        "period": "2006-06-30",
        "statement_type": "CF",
        "metrics": {
          "capital_expenditures": 285636336.62,
          "operating_cash_flow": -3198738756.07
        },
        "frequency": null,
        "update_flag": null,
        "announced_date": null
      },
      {
        "ticker": "000002.SZ",
        "period": "2006-03-31",
        "statement_type": "CF",
        "metrics": {
          "operating_cash_flow": -1722876262.04
        },
        "frequency": null,
        "update_flag": null,
        "announced_date": null
      },
      {
        "ticker": "000002.SZ",
        "period": "2005-12-31",
        "statement_type": "CF",
        "metrics": {
          "capital_expenditures": 523604081.0,
          "operating_cash_flow": 843439134.65
        },
        "frequency": null,
        "update_flag": null,
        "announced_date": null
      }
    ]
  },
  "price_history": [
    {
      "ts_code": "000002.SZ",
      "trade_date": "20251205",
      "open": 4.94,
      "high": 4.97,
      "low": 4.81,
      "close": 4.95,
      "pre_close": 4.97,
      "change": -0.02,
      "pct_chg": -0.4024,
      "vol": 3180996.4,
      "amount": 1552889.664
    },
    {
      "ts_code": "000002.SZ",
      "trade_date": "20251204",
      "open": 4.96,
      "high": 5.07,
      "low": 4.91,
      "close": 4.97,
      "pre_close": 5.01,
      "change": -0.04,
      "pct_chg": -0.7984,
      "vol": 2620008.93,
      "amount": 1302590.182
    },
    {
      "ts_code": "000002.SZ",
      "trade_date": "20251203",
      "open": 5.22,
      "high": 5.23,
      "low": 5.0,
      "close": 5.01,
      "pre_close": 5.2,
      "change": -0.19,
      "pct_chg": -3.6538,
      "vol": 2792336.1,
      "amount": 1419297.667
    },
    {
      "ts_code": "000002.SZ",
      "trade_date": "20251202",
      "open": 5.24,
      "high": 5.26,
      "low": 5.18,
      "close": 5.2,
      "pre_close": 5.2,
      "change": 0.0,
      "pct_chg": 0.0,
      "vol": 1686909.29,
      "amount": 880080.038
    },
    {
      "ts_code": "000002.SZ",
      "trade_date": "20251201",
      "open": 5.3,
      "high": 5.34,
      "low": 5.17,
      "close": 5.2,
      "pre_close": 5.38,
      "change": -0.18,
      "pct_chg": -3.3457,
      "vol": 3212116.25,
      "amount": 1684908.905
    },
    {
      "ts_code": "000002.SZ",
      "trade_date": "20251128",
      "open": 5.41,
      "high": 5.48,
      "low": 5.27,
      "close": 5.38,
      "pre_close": 5.47,
      "change": -0.09,
      "pct_chg": -1.6453,
      "vol": 2953635.76,
      "amount": 1579226.789
    },
    {
      "ts_code": "000002.SZ",
      "trade_date": "20251127",
      "open": 5.6,
      "high": 5.65,
      "low": 5.37,
      "close": 5.47,
      "pre_close": 5.89,
      "change": -0.42,
      "pct_chg": -7.1307,
      "vol": 3961433.24,
      "amount": 2181600.717
    },
    {
      "ts_code": "000002.SZ",
      "trade_date": "20251126",
      "open": 6.03,
      "high": 6.06,
      "low": 5.88,
      "close": 5.89,
      "pre_close": 6.04,
      "change": -0.15,
      "pct_chg": -2.4834,
      "vol": 2005217.22,
      "amount": 1192429.529
    },
    {
      "ts_code": "000002.SZ",
      "trade_date": "20251125",
      "open": 6.05,
      "high": 6.1,
      "low": 6.01,
      "close": 6.04,
      "pre_close": 6.04,
      "change": 0.0,
      "pct_chg": 0.0,
      "vol": 960658.4,
      "amount": 581041.097
    },
    {
      "ts_code": "000002.SZ",
      "trade_date": "20251124",
      "open": 6.06,
      "high": 6.13,
      "low": 6.04,
      "close": 6.04,
      "pre_close": 6.06,
      "change": -0.02,
      "pct_chg": -0.33,
      "vol": 1006978.04,
      "amount": 612019.543
    },
    {
      "ts_code": "000002.SZ",
      "trade_date": "20251121",
      "open": 6.12,
      "high": 6.19,
      "low": 6.06,
      "close": 6.06,
      "pre_close": 6.2,
      "change": -0.14,
      "pct_chg": -2.2581,
      "vol": 1231018.91,
      "amount": 752393.756
    },
    {
      "ts_code": "000002.SZ",
      "trade_date": "20251120",
      "open": 6.06,
      "high": 6.29,
      "low": 6.02,
      "close": 6.2,
      "pre_close": 6.06,
      "change": 0.14,
      "pct_chg": 2.3102,
      "vol": 1962248.31,
      "amount": 1211557.177
    },
    {
      "ts_code": "000002.SZ",
      "trade_date": "20251119",
      "open": 6.12,
      "high": 6.13,
      "low": 6.04,
      "close": 6.06,
      "pre_close": 6.13,
      "change": -0.07,
      "pct_chg": -1.1419,
      "vol": 1024094.2,
      "amount": 622029.495
    },
    {
      "ts_code": "000002.SZ",
      "trade_date": "20251118",
      "open": 6.26,
      "high": 6.27,
      "low": 6.12,
      "close": 6.13,
      "pre_close": 6.26,
      "change": -0.13,
      "pct_chg": -2.0767,
      "vol": 1461830.5,
      "amount": 901746.513
    },
    {
      "ts_code": "000002.SZ",
      "trade_date": "20251117",
      "open": 6.25,
      "high": 6.29,
      "low": 6.24,
      "close": 6.26,
      "pre_close": 6.27,
      "change": -0.01,
      "pct_chg": -0.1595,
      "vol": 841324.65,
      "amount": 527202.319
    },
    {
      "ts_code": "000002.SZ",
      "trade_date": "20251114",
      "open": 6.25,
      "high": 6.32,
      "low": 6.25,
      "close": 6.27,
      "pre_close": 6.28,
      "change": -0.01,
      "pct_chg": -0.1592,
      "vol": 1182180.67,
      "amount": 743739.695
    },
    {
      "ts_code": "000002.SZ",
      "trade_date": "20251113",
      "open": 6.24,
      "high": 6.28,
      "low": 6.22,
      "close": 6.28,
      "pre_close": 6.26,
      "change": 0.02,
      "pct_chg": 0.3195,
      "vol": 763515.74,
      "amount": 477638.822
    },
    {
      "ts_code": "000002.SZ",
      "trade_date": "20251112",
      "open": 6.31,
      "high": 6.33,
      "low": 6.24,
      "close": 6.26,
      "pre_close": 6.28,
      "change": -0.02,
      "pct_chg": -0.3185,
      "vol": 860610.61,
      "amount": 540093.753
    },
    {
      "ts_code": "000002.SZ",
      "trade_date": "20251111",
      "open": 6.24,
      "high": 6.31,
      "low": 6.23,
      "close": 6.28,
      "pre_close": 6.26,
      "change": 0.02,
      "pct_chg": 0.3195,
      "vol": 906104.54,
      "amount": 568430.823
    },
    {
      "ts_code": "000002.SZ",
      "trade_date": "20251110",
      "open": 6.17,
      "high": 6.26,
      "low": 6.16,
      "close": 6.26,
      "pre_close": 6.18,
      "change": 0.08,
      "pct_chg": 1.2945,
      "vol": 1031199.13,
      "amount": 641296.734
    },
    {
      "ts_code": "000002.SZ",
      "trade_date": "20251107",
      "open": 6.17,
      "high": 6.22,
      "low": 6.15,
      "close": 6.18,
      "pre_close": 6.18,
      "change": 0.0,
      "pct_chg": 0.0,
      "vol": 733081.92,
      "amount": 453507.99
    },
    {
      "ts_code": "000002.SZ",
      "trade_date": "20251106",
      "open": 6.2,
      "high": 6.22,
      "low": 6.17,
      "close": 6.18,
      "pre_close": 6.22,
      "change": -0.04,
      "pct_chg": -0.6431,
      "vol": 889218.53,
      "amount": 550107.118
    },
    {
      "ts_code": "000002.SZ",
      "trade_date": "20251105",
      "open": 6.2,
      "high": 6.24,
      "low": 6.16,
      "close": 6.22,
      "pre_close": 6.23,
      "change": -0.01,
      "pct_chg": -0.1605,
      "vol": 692007.28,
      "amount": 429343.47
    },
    {
      "ts_code": "000002.SZ",
      "trade_date": "20251104",
      "open": 6.28,
      "high": 6.3,
      "low": 6.21,
      "close": 6.23,
      "pre_close": 6.3,
      "change": -0.07,
      "pct_chg": -1.1111,
      "vol": 1077372.5,
      "amount": 672486.858
    },
    {
      "ts_code": "000002.SZ",
      "trade_date": "20251103",
      "open": 6.28,
      "high": 6.32,
      "low": 6.26,
      "close": 6.3,
      "pre_close": 6.27,
      "change": 0.03,
      "pct_chg": 0.4785,
      "vol": 689571.0,
      "amount": 433621.136
    },
    {
      "ts_code": "000002.SZ",
      "trade_date": "20251031",
      "open": 6.24,
      "high": 6.3,
      "low": 6.2,
      "close": 6.27,
      "pre_close": 6.27,
      "change": 0.0,
      "pct_chg": 0.0,
      "vol": 845102.09,
      "amount": 529341.765
    },
    {
      "ts_code": "000002.SZ",
      "trade_date": "20251030",
      "open": 6.31,
      "high": 6.32,
      "low": 6.26,
      "close": 6.27,
      "pre_close": 6.31,
      "change": -0.04,
      "pct_chg": -0.6339,
      "vol": 737459.11,
      "amount": 463346.536
    },
    {
      "ts_code": "000002.SZ",
      "trade_date": "20251029",
      "open": 6.26,
      "high": 6.32,
      "low": 6.24,
      "close": 6.31,
      "pre_close": 6.27,
      "change": 0.04,
      "pct_chg": 0.638,
      "vol": 857160.82,
      "amount": 539296.509
    },
    {
      "ts_code": "000002.SZ",
      "trade_date": "20251028",
      "open": 6.32,
      "high": 6.33,
      "low": 6.26,
      "close": 6.27,
      "pre_close": 6.32,
      "change": -0.05,
      "pct_chg": -0.7911,
      "vol": 917900.19,
      "amount": 577519.765
    },
    {
      "ts_code": "000002.SZ",
      "trade_date": "20251027",
      "open": 6.37,
      "high": 6.38,
      "low": 6.31,
      "close": 6.32,
      "pre_close": 6.36,
      "change": -0.04,
      "pct_chg": -0.6289,
      "vol": 1053944.09,
      "amount": 667073.659
    },
    {
      "ts_code": "000002.SZ",
      "trade_date": "20251024",
      "open": 6.36,
      "high": 6.39,
      "low": 6.34,
      "close": 6.36,
      "pre_close": 6.38,
      "change": -0.02,
      "pct_chg": -0.3135,
      "vol": 738578.63,
      "amount": 469613.402
    },
    {
      "ts_code": "000002.SZ",
      "trade_date": "20251023",
      "open": 6.41,
      "high": 6.43,
      "low": 6.33,
      "close": 6.38,
      "pre_close": 6.38,
      "change": 0.0,
      "pct_chg": 0.0,
      "vol": 753668.63,
      "amount": 479621.653
    },
    {
      "ts_code": "000002.SZ",
      "trade_date": "20251022",
      "open": 6.36,
      "high": 6.44,
      "low": 6.35,
      "close": 6.38,
      "pre_close": 6.4,
      "change": -0.02,
      "pct_chg": -0.3125,
      "vol": 780302.49,
      "amount": 498606.559
    },
    {
      "ts_code": "000002.SZ",
      "trade_date": "20251021",
      "open": 6.33,
      "high": 6.41,
      "low": 6.31,
      "close": 6.4,
      "pre_close": 6.34,
      "change": 0.06,
      "pct_chg": 0.9464,
      "vol": 1019035.23,
      "amount": 650370.893
    },
    {
      "ts_code": "000002.SZ",
      "trade_date": "20251020",
      "open": 6.33,
      "high": 6.35,
      "low": 6.3,
      "close": 6.34,
      "pre_close": 6.32,
      "change": 0.02,
      "pct_chg": 0.3165,
      "vol": 868612.8,
      "amount": 549071.835
    },
    {
      "ts_code": "000002.SZ",
      "trade_date": "20251017",
      "open": 6.39,
      "high": 6.43,
      "low": 6.31,
      "close": 6.32,
      "pre_close": 6.4,
      "change": -0.08,
      "pct_chg": -1.25,
      "vol": 1429013.29,
      "amount": 909191.87
    },
    {
      "ts_code": "000002.SZ",
      "trade_date": "20251016",
      "open": 6.47,
      "high": 6.48,
      "low": 6.38,
      "close": 6.4,
      "pre_close": 6.49,
      "change": -0.09,
      "pct_chg": -1.3867,
      "vol": 1434724.25,
      "amount": 921148.581
    },
    {
      "ts_code": "000002.SZ",
      "trade_date": "20251015",
      "open": 6.52,
      "high": 6.57,
      "low": 6.42,
      "close": 6.49,
      "pre_close": 6.53,
      "change": -0.04,
      "pct_chg": -0.6126,
      "vol": 1766066.12,
      "amount": 1144865.927
    },
    {
      "ts_code": "000002.SZ",
      "trade_date": "20251014",
      "open": 6.57,
      "high": 6.69,
      "low": 6.52,
      "close": 6.53,
      "pre_close": 6.57,
      "change": -0.04,
      "pct_chg": -0.6088,
      "vol": 1913064.11,
      "amount": 1262009.198
    },
    {
      "ts_code": "000002.SZ",
      "trade_date": "20251013",
      "open": 6.52,
      "high": 6.63,
      "low": 6.47,
      "close": 6.57,
      "pre_close": 6.75,
      "change": -0.18,
      "pct_chg": -2.6667,
      "vol": 2177742.92,
      "amount": 1425261.306
    },
    {
      "ts_code": "000002.SZ",
      "trade_date": "20251010",
      "open": 6.72,
      "high": 6.89,
      "low": 6.72,
      "close": 6.75,
      "pre_close": 6.79,
      "change": -0.04,
      "pct_chg": -0.5891,
      "vol": 1548340.35,
      "amount": 1050128.72
    },
    {
      "ts_code": "000002.SZ",
      "trade_date": "20251009",
      "open": 6.8,
      "high": 6.81,
      "low": 6.6,
      "close": 6.79,
      "pre_close": 6.89,
      "change": -0.1,
      "pct_chg": -1.4514,
      "vol": 2523403.39,
      "amount": 1690536.827
    },
    {
      "ts_code": "000002.SZ",
      "trade_date": "20250930",
      "open": 6.8,
      "high": 6.93,
      "low": 6.76,
      "close": 6.89,
      "pre_close": 6.81,
      "change": 0.08,
      "pct_chg": 1.1747,
      "vol": 1763048.82,
      "amount": 1211551.715
    },
    {
      "ts_code": "000002.SZ",
      "trade_date": "20250929",
      "open": 6.78,
      "high": 6.87,
      "low": 6.65,
      "close": 6.81,
      "pre_close": 6.8,
      "change": 0.01,
      "pct_chg": 0.1471,
      "vol": 1634571.95,
      "amount": 1102204.585
    },
    {
      "ts_code": "000002.SZ",
      "trade_date": "20250926",
      "open": 6.76,
      "high": 6.98,
      "low": 6.73,
      "close": 6.8,
      "pre_close": 6.8,
      "change": 0.0,
      "pct_chg": 0.0,
      "vol": 1509024.13,
      "amount": 1034089.811
    },
    {
      "ts_code": "000002.SZ",
      "trade_date": "20250925",
      "open": 6.83,
      "high": 6.9,
      "low": 6.76,
      "close": 6.8,
      "pre_close": 6.84,
      "change": -0.04,
      "pct_chg": -0.5848,
      "vol": 1234019.75,
      "amount": 840051.757
    },
    {
      "ts_code": "000002.SZ",
      "trade_date": "20250924",
      "open": 6.71,
      "high": 6.94,
      "low": 6.69,
      "close": 6.84,
      "pre_close": 6.76,
      "change": 0.08,
      "pct_chg": 1.1834,
      "vol": 1571675.16,
      "amount": 1075298.493
    },
    {
      "ts_code": "000002.SZ",
      "trade_date": "20250923",
      "open": 6.94,
      "high": 6.95,
      "low": 6.68,
      "close": 6.76,
      "pre_close": 7.0,
      "change": -0.24,
      "pct_chg": -3.4286,
      "vol": 1845203.37,
      "amount": 1250871.499
    },
    {
      "ts_code": "000002.SZ",
      "trade_date": "20250922",
      "open": 6.9,
      "high": 7.1,
      "low": 6.83,
      "close": 7.0,
      "pre_close": 6.98,
      "change": 0.02,
      "pct_chg": 0.2865,
      "vol": 2259038.66,
      "amount": 1573171.75
    },
    {
      "ts_code": "000002.SZ",
      "trade_date": "20250919",
      "open": 6.75,
      "high": 7.04,
      "low": 6.68,
      "close": 6.98,
      "pre_close": 6.77,
      "change": 0.21,
      "pct_chg": 3.1019,
      "vol": 2733151.85,
      "amount": 1881123.059
    },
    {
      "ts_code": "000002.SZ",
      "trade_date": "20250918",
      "open": 6.98,
      "high": 6.99,
      "low": 6.72,
      "close": 6.77,
      "pre_close": 7.05,
      "change": -0.28,
      "pct_chg": -3.9716,
      "vol": 2552968.64,
      "amount": 1748915.147
    },
    {
      "ts_code": "000002.SZ",
      "trade_date": "20250917",
      "open": 7.03,
      "high": 7.08,
      "low": 6.93,
      "close": 7.05,
      "pre_close": 7.04,
      "change": 0.01,
      "pct_chg": 0.142,
      "vol": 1663639.87,
      "amount": 1165912.724
    },
    {
      "ts_code": "000002.SZ",
      "trade_date": "20250916",
      "open": 6.95,
      "high": 7.05,
      "low": 6.89,
      "close": 7.04,
      "pre_close": 6.97,
      "change": 0.07,
      "pct_chg": 1.0043,
      "vol": 2226805.38,
      "amount": 1553899.604
    },
    {
      "ts_code": "000002.SZ",
      "trade_date": "20250915",
      "open": 6.92,
      "high": 7.04,
      "low": 6.82,
      "close": 6.97,
      "pre_close": 6.94,
      "change": 0.03,
      "pct_chg": 0.4323,
      "vol": 2289230.25,
      "amount": 1584580.818
    },
    {
      "ts_code": "000002.SZ",
      "trade_date": "20250912",
      "open": 6.83,
      "high": 7.14,
      "low": 6.83,
      "close": 6.94,
      "pre_close": 6.83,
      "change": 0.11,
      "pct_chg": 1.6105,
      "vol": 3220891.59,
      "amount": 2235885.454
    },
    {
      "ts_code": "000002.SZ",
      "trade_date": "20250911",
      "open": 6.82,
      "high": 6.84,
      "low": 6.73,
      "close": 6.83,
      "pre_close": 6.86,
      "change": -0.03,
      "pct_chg": -0.4373,
      "vol": 1462904.75,
      "amount": 992115.321
    },
    {
      "ts_code": "000002.SZ",
      "trade_date": "20250910",
      "open": 6.81,
      "high": 6.86,
      "low": 6.76,
      "close": 6.86,
      "pre_close": 6.86,
      "change": 0.0,
      "pct_chg": 0.0,
      "vol": 1397196.76,
      "amount": 950570.519
    },
    {
      "ts_code": "000002.SZ",
      "trade_date": "20250909",
      "open": 6.79,
      "high": 6.91,
      "low": 6.74,
      "close": 6.86,
      "pre_close": 6.76,
      "change": 0.1,
      "pct_chg": 1.4793,
      "vol": 2179398.04,
      "amount": 1494592.694
    },
    {
      "ts_code": "000002.SZ",
      "trade_date": "20250908",
      "open": 6.72,
      "high": 6.89,
      "low": 6.72,
      "close": 6.76,
      "pre_close": 6.59,
      "change": 0.17,
      "pct_chg": 2.5797,
      "vol": 2320377.15,
      "amount": 1572093.121
    },
    {
      "ts_code": "000002.SZ",
      "trade_date": "20250905",
      "open": 6.53,
      "high": 6.59,
      "low": 6.49,
      "close": 6.59,
      "pre_close": 6.53,
      "change": 0.06,
      "pct_chg": 0.9188,
      "vol": 1171091.43,
      "amount": 766112.847
    },
    {
      "ts_code": "000002.SZ",
      "trade_date": "20250904",
      "open": 6.59,
      "high": 6.6,
      "low": 6.48,
      "close": 6.53,
      "pre_close": 6.58,
      "change": -0.05,
      "pct_chg": -0.7599,
      "vol": 1537225.19,
      "amount": 1005294.604
    },
    {
      "ts_code": "000002.SZ",
      "trade_date": "20250903",
      "open": 6.75,
      "high": 6.79,
      "low": 6.56,
      "close": 6.58,
      "pre_close": 6.72,
      "change": -0.14,
      "pct_chg": -2.0833,
      "vol": 1745942.62,
      "amount": 1158963.334
    },
    {
      "ts_code": "000002.SZ",
      "trade_date": "20250902",
      "open": 6.8,
      "high": 6.89,
      "low": 6.68,
      "close": 6.72,
      "pre_close": 6.81,
      "change": -0.09,
      "pct_chg": -1.3216,
      "vol": 2060249.78,
      "amount": 1394222.969
    },
    {
      "ts_code": "000002.SZ",
      "trade_date": "20250901",
      "open": 6.76,
      "high": 6.86,
      "low": 6.7,
      "close": 6.81,
      "pre_close": 6.79,
      "change": 0.02,
      "pct_chg": 0.2946,
      "vol": 1406825.43,
      "amount": 953846.377
    },
    {
      "ts_code": "000002.SZ",
      "trade_date": "20250829",
      "open": 6.89,
      "high": 6.92,
      "low": 6.78,
      "close": 6.79,
      "pre_close": 6.77,
      "change": 0.02,
      "pct_chg": 0.2954,
      "vol": 1979392.54,
      "amount": 1354532.777
    },
    {
      "ts_code": "000002.SZ",
      "trade_date": "20250828",
      "open": 6.75,
      "high": 6.81,
      "low": 6.62,
      "close": 6.77,
      "pre_close": 6.74,
      "change": 0.03,
      "pct_chg": 0.4451,
      "vol": 2119088.52,
      "amount": 1425708.353
    },
    {
      "ts_code": "000002.SZ",
      "trade_date": "20250827",
      "open": 6.95,
      "high": 7.01,
      "low": 6.74,
      "close": 6.74,
      "pre_close": 6.99,
      "change": -0.25,
      "pct_chg": -3.5765,
      "vol": 2976152.2,
      "amount": 2042648.128
    },
    {
      "ts_code": "000002.SZ",
      "trade_date": "20250826",
      "open": 6.98,
      "high": 7.03,
      "low": 6.9,
      "close": 6.99,
      "pre_close": 7.16,
      "change": -0.17,
      "pct_chg": -2.3743,
      "vol": 4379464.06,
      "amount": 3051239.669
    },
    {
      "ts_code": "000002.SZ",
      "trade_date": "20250825",
      "open": 6.66,
      "high": 7.22,
      "low": 6.65,
      "close": 7.16,
      "pre_close": 6.56,
      "change": 0.6,
      "pct_chg": 9.1463,
      "vol": 7923897.9,
      "amount": 5619264.696
    },
    {
      "ts_code": "000002.SZ",
      "trade_date": "20250822",
      "open": 6.56,
      "high": 6.56,
      "low": 6.51,
      "close": 6.56,
      "pre_close": 6.56,
      "change": 0.0,
      "pct_chg": 0.0,
      "vol": 1307699.44,
      "amount": 854125.575
    },
    {
      "ts_code": "000002.SZ",
      "trade_date": "20250821",
      "open": 6.55,
      "high": 6.59,
      "low": 6.53,
      "close": 6.56,
      "pre_close": 6.55,
      "change": 0.01,
      "pct_chg": 0.1527,
      "vol": 1294784.3,
      "amount": 850028.798
    },
    {
      "ts_code": "000002.SZ",
      "trade_date": "20250820",
      "open": 6.52,
      "high": 6.6,
      "low": 6.49,
      "close": 6.55,
      "pre_close": 6.53,
      "change": 0.02,
      "pct_chg": 0.3063,
      "vol": 1299582.3,
      "amount": 847768.491
    },
    {
      "ts_code": "000002.SZ",
      "trade_date": "20250819",
      "open": 6.54,
      "high": 6.61,
      "low": 6.51,
      "close": 6.53,
      "pre_close": 6.5,
      "change": 0.03,
      "pct_chg": 0.4615,
      "vol": 1624186.52,
      "amount": 1066264.304
    },
    {
      "ts_code": "000002.SZ",
      "trade_date": "20250818",
      "open": 6.53,
      "high": 6.56,
      "low": 6.48,
      "close": 6.5,
      "pre_close": 6.53,
      "change": -0.03,
      "pct_chg": -0.4594,
      "vol": 1381625.42,
      "amount": 898811.495
    },
    {
      "ts_code": "000002.SZ",
      "trade_date": "20250815",
      "open": 6.43,
      "high": 6.59,
      "low": 6.42,
      "close": 6.53,
      "pre_close": 6.43,
      "change": 0.1,
      "pct_chg": 1.5552,
      "vol": 1595368.35,
      "amount": 1041380.521
    },
    {
      "ts_code": "000002.SZ",
      "trade_date": "20250814",
      "open": 6.46,
      "high": 6.55,
      "low": 6.43,
      "close": 6.43,
      "pre_close": 6.46,
      "change": -0.03,
      "pct_chg": -0.4644,
      "vol": 1201423.07,
      "amount": 779372.848
    },
    {
      "ts_code": "000002.SZ",
      "trade_date": "20250813",
      "open": 6.48,
      "high": 6.5,
      "low": 6.43,
      "close": 6.46,
      "pre_close": 6.47,
      "change": -0.01,
      "pct_chg": -0.1546,
      "vol": 810742.21,
      "amount": 524044.608
    },
    {
      "ts_code": "000002.SZ",
      "trade_date": "20250812",
      "open": 6.46,
      "high": 6.5,
      "low": 6.45,
      "close": 6.47,
      "pre_close": 6.48,
      "change": -0.01,
      "pct_chg": -0.1543,
      "vol": 734217.61,
      "amount": 475510.584
    },
    {
      "ts_code": "000002.SZ",
      "trade_date": "20250811",
      "open": 6.48,
      "high": 6.52,
      "low": 6.47,
      "close": 6.48,
      "pre_close": 6.45,
      "change": 0.03,
      "pct_chg": 0.4651,
      "vol": 821788.78,
      "amount": 533689.824
    },
    {
      "ts_code": "000002.SZ",
      "trade_date": "20250808",
      "open": 6.46,
      "high": 6.47,
      "low": 6.42,
      "close": 6.45,
      "pre_close": 6.47,
      "change": -0.02,
      "pct_chg": -0.3091,
      "vol": 514307.38,
      "amount": 331191.661
    },
    {
      "ts_code": "000002.SZ",
      "trade_date": "20250807",
      "open": 6.43,
      "high": 6.48,
      "low": 6.4,
      "close": 6.47,
      "pre_close": 6.44,
      "change": 0.03,
      "pct_chg": 0.4658,
      "vol": 776038.31,
      "amount": 500342.603
    }
  ],
  "current_price": 4.95,
  "growth_curve": {
    "metrics": {
      "revenue_yoy": -0.26606543166186253,
      "net_income_yoy": 0.7219458811361467,
      "revenue_cagr": 0.206561173505746,
      "net_income_cagr": NaN,
      "periods_count": 109.0
    },
    "commentary": null
  },
  "ratios": {
    "ratios": {
      "gross_margin": NaN,
      "operating_margin": -0.13149316783372203,
      "net_margin": -0.1454287300553108,
      "ebitda_margin": -0.03842181679807367,
      "roe": -0.5131897339608001,
      "roa": -0.08085040396674557,
      "current_ratio": 1.3056487711512648,
      "quick_ratio": 0.6001583134913987,
      "debt_to_equity": 0.06538819153966116,
      "debt_to_assets": 0.010111218366597678,
      "net_debt_to_ebitda": -0.0,
      "interest_coverage": -2.608127386838303,
      "asset_turnover": 0.55594519690845,
      "inventory_turnover": 1.320438279208084,
      "receivables_turnover": NaN,
      "payables_turnover": 4.37368908902132,
      "dso": NaN,
      "dio": 264.1120987073002,
      "dpo": 81.86237990710049,
      "fcf_margin": -0.023064179799354795,
      "capex_to_sales": 0.006208085734520167,
      "ocf_ratio": -0.01821067312353687,
      "eps": -7.897332055890106,
      "pe": NaN,
      "pb": NaN,
      "pcf": NaN,
      "dividend_yield": NaN,
      "ev_over_ebitda": NaN,
      "ev_over_sales": NaN,
      "cash_conversion_cycle": NaN
    },
    "metadata": {
      "notes": "Ratios computed using TTM income/CF and latest balance sheet with simple averages for denominators.",
      "latest_period": "2025-09-30 00:00:00"
    }
  },
  "anomalies": {
    "growth": [
      "revenue changed -47.5% at 1995-06-30 00:00:00",
      "revenue changed 133.3% at 1995-12-31 00:00:00",
      "revenue changed -66.2% at 1996-06-30 00:00:00",
      "revenue changed 131.8% at 1996-12-31 00:00:00",
      "revenue changed -30.1% at 1997-06-30 00:00:00",
      "revenue changed 136.7% at 1997-12-31 00:00:00",
      "revenue changed -53.6% at 1998-06-30 00:00:00",
      "revenue changed 148.3% at 1998-12-31 00:00:00",
      "revenue changed -55.8% at 1999-06-30 00:00:00",
      "revenue changed 189.2% at 1999-12-31 00:00:00",
      "revenue changed -51.1% at 2000-06-30 00:00:00",
      "revenue changed 169.4% at 2000-12-31 00:00:00",
      "revenue changed -35.7% at 2001-06-30 00:00:00",
      "revenue changed 83.1% at 2001-12-31 00:00:00",
      "revenue changed -87.7% at 2002-03-31 00:00:00",
      "revenue changed 173.3% at 2002-06-30 00:00:00",
      "revenue changed 56.8% at 2002-09-30 00:00:00",
      "revenue changed 94.3% at 2002-12-31 00:00:00",
      "revenue changed -83.0% at 2003-03-31 00:00:00",
      "revenue changed 180.9% at 2003-06-30 00:00:00",
      "revenue changed 49.0% at 2003-09-30 00:00:00",
      "revenue changed 95.4% at 2003-12-31 00:00:00",
      "revenue changed -83.8% at 2004-03-31 00:00:00",
      "revenue changed 139.6% at 2004-06-30 00:00:00",
      "revenue changed 40.7% at 2004-09-30 00:00:00",
      "revenue changed 120.6% at 2004-12-31 00:00:00",
      "revenue changed -75.4% at 2005-03-31 00:00:00",
      "revenue changed 129.9% at 2005-06-30 00:00:00",
      "revenue changed 143.6% at 2005-12-31 00:00:00",
      "revenue changed -78.2% at 2006-03-31 00:00:00",
      "revenue changed 189.5% at 2006-06-30 00:00:00",
      "revenue changed 110.6% at 2006-12-31 00:00:00",
      "revenue changed -77.0% at 2007-03-31 00:00:00",
      "revenue changed 169.7% at 2007-06-30 00:00:00",
      "revenue changed 150.7% at 2007-12-31 00:00:00",
      "revenue changed -82.0% at 2008-03-31 00:00:00",
      "revenue changed 169.6% at 2008-06-30 00:00:00",
      "revenue changed 30.6% at 2008-09-30 00:00:00",
      "revenue changed 81.8% at 2008-12-31 00:00:00",
      "revenue changed -80.1% at 2009-03-31 00:00:00",
      "revenue changed 167.1% at 2009-06-30 00:00:00",
      "revenue changed 35.5% at 2009-09-30 00:00:00",
      "revenue changed 65.5% at 2009-12-31 00:00:00",
      "revenue changed -84.6% at 2010-03-31 00:00:00",
      "revenue changed 123.4% at 2010-06-30 00:00:00",
      "revenue changed 33.5% at 2010-09-30 00:00:00",
      "revenue changed 126.6% at 2010-12-31 00:00:00",
      "revenue changed -84.3% at 2011-03-31 00:00:00",
      "revenue changed 150.8% at 2011-06-30 00:00:00",
      "revenue changed 46.6% at 2011-09-30 00:00:00",
      "revenue changed 144.9% at 2011-12-31 00:00:00",
      "revenue changed -85.6% at 2012-03-31 00:00:00",
      "revenue changed 197.0% at 2012-06-30 00:00:00",
      "revenue changed 50.1% at 2012-09-30 00:00:00",
      "revenue changed 123.5% at 2012-12-31 00:00:00",
      "revenue changed -86.4% at 2013-03-31 00:00:00",
      "revenue changed 195.6% at 2013-06-30 00:00:00",
      "revenue changed 53.2% at 2013-09-30 00:00:00",
      "revenue changed 113.5% at 2013-12-31 00:00:00",
      "revenue changed -93.0% at 2014-03-31 00:00:00",
      "revenue changed 331.3% at 2014-06-30 00:00:00",
      "revenue changed 54.1% at 2014-09-30 00:00:00",
      "revenue changed 131.8% at 2014-12-31 00:00:00",
      "revenue changed -93.9% at 2015-03-31 00:00:00",
      "revenue changed 465.2% at 2015-06-30 00:00:00",
      "revenue changed 58.3% at 2015-09-30 00:00:00",
      "revenue changed 145.7% at 2015-12-31 00:00:00",
      "revenue changed -92.5% at 2016-03-31 00:00:00",
      "revenue changed 411.9% at 2016-06-30 00:00:00",
      "revenue changed 56.5% at 2016-09-30 00:00:00",
      "revenue changed 105.4% at 2016-12-31 00:00:00",
      "revenue changed -92.3% at 2017-03-31 00:00:00",
      "revenue changed 275.5% at 2017-06-30 00:00:00",
      "revenue changed 67.7% at 2017-09-30 00:00:00",
      "revenue changed 107.4% at 2017-12-31 00:00:00",
      "revenue changed -87.3% at 2018-03-31 00:00:00",
      "revenue changed 243.8% at 2018-06-30 00:00:00",
      "revenue changed 66.1% at 2018-09-30 00:00:00",
      "revenue changed 69.1% at 2018-12-31 00:00:00",
      "revenue changed -83.7% at 2019-03-31 00:00:00",
      "revenue changed 188.0% at 2019-06-30 00:00:00",
      "revenue changed 60.7% at 2019-09-30 00:00:00",
      "revenue changed 64.3% at 2019-12-31 00:00:00",
      "revenue changed -87.0% at 2020-03-31 00:00:00",
      "revenue changed 206.3% at 2020-06-30 00:00:00",
      "revenue changed 65.0% at 2020-09-30 00:00:00",
      "revenue changed 73.6% at 2020-12-31 00:00:00",
      "revenue changed -85.1% at 2021-03-31 00:00:00",
      "revenue changed 168.4% at 2021-06-30 00:00:00",
      "revenue changed 62.5% at 2021-09-30 00:00:00",
      "revenue changed 66.8% at 2021-12-31 00:00:00",
      "revenue changed -86.2% at 2022-03-31 00:00:00",
      "revenue changed 230.2% at 2022-06-30 00:00:00",
      "revenue changed 63.2% at 2022-09-30 00:00:00",
      "revenue changed 49.2% at 2022-12-31 00:00:00",
      "revenue changed -86.4% at 2023-03-31 00:00:00",
      "revenue changed 193.4% at 2023-06-30 00:00:00",
      "revenue changed 44.5% at 2023-09-30 00:00:00",
      "revenue changed 60.4% at 2023-12-31 00:00:00",
      "revenue changed -86.8% at 2024-03-31 00:00:00",
      "revenue changed 131.8% at 2024-06-30 00:00:00",
      "revenue changed 54.0% at 2024-09-30 00:00:00",
      "revenue changed 56.1% at 2024-12-31 00:00:00",
      "revenue changed -88.9% at 2025-03-31 00:00:00",
      "revenue changed 177.2% at 2025-06-30 00:00:00",
      "revenue changed 53.2% at 2025-09-30 00:00:00",
      "net_income changed -64.1% at 1995-06-30 00:00:00",
      "net_income changed 164.3% at 1995-12-31 00:00:00",
      "net_income changed -67.9% at 1996-06-30 00:00:00",
      "net_income changed 187.6% at 1996-12-31 00:00:00",
      "net_income changed -53.2% at 1997-06-30 00:00:00",
      "net_income changed 179.6% at 1997-12-31 00:00:00",
      "net_income changed -57.4% at 1998-06-30 00:00:00",
      "net_income changed 145.7% at 1998-12-31 00:00:00",
      "net_income changed -59.0% at 1999-06-30 00:00:00",
      "net_income changed 177.0% at 1999-12-31 00:00:00",
      "net_income changed -50.1% at 2000-06-30 00:00:00",
      "net_income changed 159.5% at 2000-12-31 00:00:00",
      "net_income changed -42.8% at 2001-06-30 00:00:00",
      "net_income changed 114.5% at 2001-12-31 00:00:00",
      "net_income changed -92.0% at 2002-03-31 00:00:00",
      "net_income changed 365.3% at 2002-06-30 00:00:00",
      "net_income changed 31.6% at 2002-09-30 00:00:00",
      "net_income changed 112.8% at 2002-12-31 00:00:00",
      "net_income changed -90.0% at 2003-03-31 00:00:00",
      "net_income changed 428.1% at 2003-06-30 00:00:00",
      "net_income changed 31.5% at 2003-09-30 00:00:00",
      "net_income changed 105.8% at 2003-12-31 00:00:00",
      "net_income changed -80.6% at 2004-03-31 00:00:00",
      "net_income changed 203.2% at 2004-06-30 00:00:00",
      "net_income changed 129.0% at 2004-12-31 00:00:00",
      "net_income changed -72.7% at 2005-03-31 00:00:00",
      "net_income changed 226.7% at 2005-06-30 00:00:00",
      "net_income changed 76.3% at 2005-12-31 00:00:00",
      "net_income changed -71.3% at 2006-03-31 00:00:00",
      "net_income changed 210.6% at 2006-06-30 00:00:00",
      "net_income changed 66.4% at 2006-12-31 00:00:00",
      "net_income changed -74.6% at 2007-03-31 00:00:00",
      "net_income changed 192.3% at 2007-06-30 00:00:00",
      "net_income changed 154.4% at 2007-12-31 00:00:00",
      "net_income changed -86.1% at 2008-03-31 00:00:00",
      "net_income changed 211.0% at 2008-06-30 00:00:00",
      "net_income changed 76.1% at 2008-12-31 00:00:00",
      "net_income changed -80.8% at 2009-03-31 00:00:00",
      "net_income changed 248.9% at 2009-06-30 00:00:00",
      "net_income changed 75.2% at 2009-12-31 00:00:00",
      "net_income changed -81.7% at 2010-03-31 00:00:00",
      "net_income changed 168.8% at 2010-06-30 00:00:00",
      "net_income changed 131.1% at 2010-12-31 00:00:00",
      "net_income changed -86.5% at 2011-03-31 00:00:00",
      "net_income changed 173.3% at 2011-06-30 00:00:00",
      "net_income changed 182.5% at 2011-12-31 00:00:00",
      "net_income changed -86.8% at 2012-03-31 00:00:00",
      "net_income changed 196.3% at 2012-06-30 00:00:00",
      "net_income changed 35.5% at 2012-09-30 00:00:00",
      "net_income changed 154.8% at 2012-12-31 00:00:00",
      "net_income changed -88.6% at 2013-03-31 00:00:00",
      "net_income changed 198.2% at 2013-06-30 00:00:00",
      "net_income changed 40.1% at 2013-09-30 00:00:00",
      "net_income changed 144.7% at 2013-12-31 00:00:00",
      "net_income changed -91.0% at 2014-03-31 00:00:00",
      "net_income changed 235.2% at 2014-06-30 00:00:00",
      "net_income changed 38.5% at 2014-09-30 00:00:00",
      "net_income changed 153.6% at 2014-12-31 00:00:00",
      "net_income changed -95.3% at 2015-03-31 00:00:00",
      "net_income changed 647.7% at 2015-06-30 00:00:00",
      "net_income changed 40.5% at 2015-09-30 00:00:00",
      "net_income changed 172.0% at 2015-12-31 00:00:00",
      "net_income changed -95.2% at 2016-03-31 00:00:00",
      "net_income changed 467.7% at 2016-06-30 00:00:00",
      "net_income changed 59.1% at 2016-09-30 00:00:00",
      "net_income changed 151.1% at 2016-12-31 00:00:00",
      "net_income changed -96.1% at 2017-03-31 00:00:00",
      "net_income changed 806.4% at 2017-06-30 00:00:00",
      "net_income changed 47.4% at 2017-09-30 00:00:00",
      "net_income changed 151.1% at 2017-12-31 00:00:00",
      "net_income changed -95.2% at 2018-03-31 00:00:00",
      "net_income changed 659.9% at 2018-06-30 00:00:00",
      "net_income changed 61.2% at 2018-09-30 00:00:00",
      "net_income changed 126.0% at 2018-12-31 00:00:00",
      "net_income changed -93.5% at 2019-03-31 00:00:00",
      "net_income changed 501.6% at 2019-06-30 00:00:00",
      "net_income changed 48.2% at 2019-09-30 00:00:00",
      "net_income changed 92.8% at 2019-12-31 00:00:00",
      "net_income changed -95.6% at 2020-03-31 00:00:00",
      "net_income changed 666.5% at 2020-06-30 00:00:00",
      "net_income changed 61.4% at 2020-09-30 00:00:00",
      "net_income changed 97.2% at 2020-12-31 00:00:00",
      "net_income changed -95.8% at 2021-03-31 00:00:00",
      "net_income changed 545.1% at 2021-06-30 00:00:00",
      "net_income changed 52.1% at 2021-09-30 00:00:00",
      "net_income changed 54.7% at 2021-12-31 00:00:00",
      "net_income changed -92.7% at 2022-03-31 00:00:00",
      "net_income changed 549.5% at 2022-06-30 00:00:00",
      "net_income changed 50.5% at 2022-09-30 00:00:00",
      "net_income changed 37.8% at 2022-12-31 00:00:00",
      "net_income changed -92.5% at 2023-03-31 00:00:00",
      "net_income changed 435.3% at 2023-06-30 00:00:00",
      "net_income changed 38.6% at 2023-09-30 00:00:00",
      "net_income changed -98.4% at 2024-03-31 00:00:00",
      "net_income changed -2672.0% at 2024-06-30 00:00:00",
      "net_income changed 92.4% at 2024-09-30 00:00:00",
      "net_income changed 197.0% at 2024-12-31 00:00:00",
      "net_income changed -86.8% at 2025-03-31 00:00:00",
      "net_income changed 69.4% at 2025-06-30 00:00:00",
      "net_income changed 159.9% at 2025-09-30 00:00:00"
    ],
    "profitability": [
      "Net margin negative (-14.5%)",
      "Latest net income is negative"
    ]
  },
  "news_digest": "*Thinking...*\n\n> **Searching Vanke News**\n> \n> I'm currently focused on identifying recent news and key events concerning Vanke A. Right now, I'm filtering for reports from the last month to gather a relevant pool of data. My next step will be to extract pertinent details for each identified event, with a focus on dates in ISO format.\n> \n> \n> **Commencing the Information Hunt**\n> \n> I've initiated the search queries using the specified keywords and date ranges for Vanke A. The initial phase involves sifting through news, announcements, and research reports. My goal is to extract key events from the past month, focusing on relevant data, particularly dates in ISO format, sources, sentiment, impact summaries, and corresponding URLs. The next step is to format these events into a structured Markdown list.\n> \n> \n> **Executing Search Parameters**\n> \n> I've specified search queries using the keywords provided, incorporating terms such as \"万科A\" and \"000002.SZ\" alongside relevant terms in Chinese. I've initiated searches within the last 30 days, from November 5, 2025, to December 5, 2025. I am now proceeding to cross-reference search results to extract key information from identified sources. I will create a Markdown list as the first deliverable.\n> \n> \n**Map**\n\n- [2025-12-01][界面新闻][负面] 万科所持子公司深圳市万科发展有限公司5.7亿人民币股权被法院冻结，冻结期限为3年。 (https://www.jiemian.com/article/13703132.html) [[1]](https://www.jiemian.com/article/13703132.html)[[2]](https://www.cls.cn/detail/2215439)\n- [2025-12-01][AASTOCKS][负面] 评级机构标普将万科的长期发行人信用评级由“CCC”下调至“CCC-”，并列入负面观察名单，认为其债务可能无法偿还或陷入重组风险。 (https://www.aastocks.com/sc/stocks/news/aafn-con/NOW.1487408/popular-news/AAFN) [[3]](https://gbcode.rthk.hk/TuniS/news.rthk.hk/rthk/ch/component/k2/1833716-20251128.htm)[[4]](https://www.aastocks.com/sc/stocks/news/aafn-con/NOW.1487408/popular-news/AAFN)\n- [2025-11-28][证券时报][负面] 万科多只境内债券价格大幅下跌并触发盘中临时停牌，A股股价亦创下近十年新低，市场对其偿债能力的担忧加剧。 (https://www.stcn.com/article/detail/3516643.html) [[1]](https://www.jiemian.com/article/13703132.html)[[3]](https://gbcode.rthk.hk/TuniS/news.rthk.hk/rthk/ch/component/k2/1833716-20251128.htm)\n- [2025-11-26][财新网][负面] 万科首次寻求公开市场债务展期，计划召开持有人会议审议“22万科MTN004”中期票据（余额20亿元）的展期议案，显示公司出现债务展期风险。 (https://m.caixin.com/m/2025-11-26/102387102.html) [[5]](https://m.caixin.com/m/2025-11-26/102387102.html)[[6]](https://news.china.com/socialgd/10000169/20251204/49047529.html)\n- [2025-11-21][新浪财经][中性] 万科召开2025年第一次临时股东大会，审议通过了关于就大股东深铁集团向公司提供股东借款并由公司提供担保订立框架协议的议案。 (https://money.finance.sina.com.cn/corp/view/vCB_AllBulletinDetail.php?stockid=000002&id=11624109) [[7]](https://finance.eastmoney.com/a/202511193568765313.html)[[8]](https://money.finance.sina.com.cn/corp/view/vCB_AllBulletinDetail.php?stockid=000002&id=11624109)\n- [2025-11-20][证券日报][中性] 万科在互动平台表示，2025年前三季度，经营服务业务（物业、商业、租赁等）全口径收入为435.7亿元，同比增长1.1%。 (https://guba.eastmoney.com/news,300018,1628100940.html) [[9]](https://guba.eastmoney.com/news,300018,1628100940.html)\n- [2025-10-31][新浪财经][负面] 公司发布2025年三季报，前三季度实现营业收入1613.9亿元，同比下降26.61%；归母净亏损280.2亿元，其中第三季度净亏损160.7亿元，经营业绩持续承压。 (https://vip.stock.finance.sina.com.cn/corp/view/vCB_AllBulletinDetail.php?stockid=000002&id=11576668) [[1]](https://www.jiemian.com/article/13703132.html)[[10]](https://vip.stock.finance.sina.com.cn/corp/view/vCB_AllBulletinDetail.php?stockid=000002&id=11576668)\n\n**Reduce**\n\n- **债务压力剧增，首次寻求公开债展期**：近期，万科首次就一笔20亿元的中期票据“22万科MTN004”寻求展期，此举引发市场剧烈反应，其多只境内债券价格暴跌并触发临停，股价也创下十年新低。同时，评级机构标普已将公司评级下调至“CCC-”，并列入负面观察名单，指出其可能面临债务重组风险。此外，公司所持子公司5.7亿股权近期被司法冻结，进一步加剧了市场的担忧。 (来源: 界面新闻/财联社, AASTOCKS, 证券时报, 财新网) [[1]](https://www.jiemian.com/article/13703132.html)[[3]](https://gbcode.rthk.hk/TuniS/news.rthk.hk/rthk/ch/component/k2/1833716-20251128.htm)\n- **经营业绩持续亏损，销售下滑**：根据2025年三季报，万科前三季度净亏损高达280.2亿元，营业收入同比下降超过26%。公司在新任董事长黄力平的带领下坦言，正处于消化过去“三高”模式负担的阵痛期，经营面临严峻挑战。尽管公司正通过组织变革、剥离非核心资产等方式改善现金流，但整体经营形势依然严峻。 (来源: 新浪财经, 界面新闻, 腾讯新闻) [[1]](https://www.jiemian.com/article/13703132.html)[[10]](https://vip.stock.finance.sina.com.cn/corp/view/vCB_AllBulletinDetail.php?stockid=000002&id=11576668)\n- **大股东支持与市场化化债并行**：为应对流动性危机，万科持续获得大股东深铁集团的资金支持。11月的临时股东大会通过了深铁集团提供股东借款及担保的议案。然而，市场分析认为，万科首次寻求债券展期可能标志着大股东的“输血”模式将有所转变，未来公司需更多依靠自身力量以市场化方式化解债务。 (来源: 新浪财经, 财新网, 证券时报) [[7]](https://finance.eastmoney.com/a/202511193568765313.html)[[8]](https://money.finance.sina.com.cn/corp/view/vCB_AllBulletinDetail.php?stockid=000002&id=11624109)\n- **经营服务业务保持平稳增长**：在房地产开发主业面临巨大压力的同时，万科的经营服务业务（包括物业、商业、租赁住宅和物流仓储等）展现出一定韧性。2025年前三季度，该板块全口径收入同比增长1.1%，为公司提供了相对稳定的现金流来源。 (来源: 证券日报) [[9]](https://guba.eastmoney.com/news,300018,1628100940.html)\n\n---\nLearn more:\n1. [万科所持5.7亿股权被冻结，2只境内债券跌超30%被临时停牌 - 界面新闻](https://www.jiemian.com/article/13703132.html)\n2. [万科被冻结5.7亿股权 - 财联社](https://www.cls.cn/detail/2215439)\n3. [万科多只境内债券再次急挫要临时停牌万科A股曾跌约4% - RTHK - 香港电台](https://gbcode.rthk.hk/TuniS/news.rthk.hk/rthk/ch/component/k2/1833716-20251128.htm)\n4. [标普将万科(02202.HK)长期评级降至「CCC-」 列入负面观察名单AASTOCKS 财经新闻](https://www.aastocks.com/sc/stocks/news/aafn-con/NOW.1487408/popular-news/AAFN)\n5. [万科寻求境内债展期大股东能否持续输血？ - 财新](https://m.caixin.com/m/2025-11-26/102387102.html)\n6. [万科债券展期震动金融圈房企危机波及险资 - 中华网新闻](https://news.china.com/socialgd/10000169/20251204/49047529.html)\n7. [万科A：将于2025年11月20日召开2025年第一次临时股东大会 - 财经](https://finance.eastmoney.com/a/202511193568765313.html)\n8. [万科A(000002)\\_公司公告\\_万科A：2025年第一次临时股东会决议公告新浪财经](https://money.finance.sina.com.cn/corp/view/vCB_AllBulletinDetail.php?stockid=000002&id=11624109)\n9. [万科A：2025年前三季度，公司经营服务业务全口径收入435.7亿元 - 股吧](https://guba.eastmoney.com/news,300018,1628100940.html)\n10. [万科A(000002)\\_公司公告\\_万科A：2025年三季度报告新浪财经](https://vip.stock.finance.sina.com.cn/corp/view/vCB_AllBulletinDetail.php?stockid=000002&id=11576668)\n\n",
  "qual_notes": "### 万科企业（Vanke）定性研究要点\n\n#### 1) 行业与竞争格局\n- **行业趋势**: 中国房地产行业正经历深刻变革，从过去高周转、高杠杆的粗放模式向高质量发展转型。 [[1]](https://wallstreetcn.com/articles/3748014) 政策导向从鼓励供给放量转向支持供给提质，并强调“保交房”和化解风险。 [[2]](http://m.fangchan.com/data/13/2025-03-27/7310829202360832840.html)[[3]](http://www.cb.com.cn/index/show/gs3/cv/cv12543105155) 市场整体面临销售疲软、融资收紧的共性困境。 [[4]](https://www.163.com/dy/article/KFPILO5I05565OM4.html)\n- **主要对手**: 未知/暂无 (来源: 未知)\n- **差异化**: 万科的差异化体现在其多元化的业务布局，尤其是在房地产开发主业之外，拥有物业服务、租赁住宅、商业地产和物流仓储等经营服务业务。 [[5]](https://www.huxiu.com/article/4587836.html) 这些业务提供了相对稳定的现金流，尤其是在开发业务面临巨大压力时，展现出一定的经营韧性。 [[5]](https://www.huxiu.com/article/4587836.html) 公司已明确将聚焦于住区开发、物业服务和租赁住宅三大核心主业。 [[6]](https://www.vanke.com/mobile/investor/data?typeid=62&newsid=7977)[[7]](https://finance.sina.com.cn/roll/2024-08-30/doc-incmmrrh6452620.shtml)\n\n#### 2) 近期催化剂与政策/宏观影响\n- **负面催化剂**:\n    - **债务压力公开化**: 2025年11月，公司首次寻求对一笔20亿元的境内中期票据进行展期，标志着其流动性危机公开化，引发市场对其偿债能力的严重担忧。 [[8]](https://finance.sina.cn/insurance/gsdt/2025-12-03/detail-infzpnec0111117.d.html?vt=4&cid=79649&node_id=79649)[[9]](https://www.6park.com/news/1764702195.html)\n    - **信用评级下调**: 国际评级机构标普将万科的长期信用评级下调至“CCC-”，并列入负面观察名单，认为其存在违约或重组风险。 [[4]](https://www.163.com/dy/article/KFPILO5I05565OM4.html)[[9]](https://www.6park.com/news/1764702195.html)\n    - **市场剧烈反应**: 债务展期消息导致公司A股股价创近十年新低，多只境内债券价格大幅下跌并触发盘中临时停牌。 [[9]](https://www.6park.com/news/1764702195.html)\n    - **资产冻结**: 公司所持有的子公司股权近期被法院冻结，进一步增加了经营不确定性。 (来源: 新闻)\n- **正面/中性催化剂**:\n    - **大股东支持**: 获得第一大股东深圳地铁集团的持续支持，包括在2025年11月通过了向公司提供股东借款及担保的议案，为短期流动性提供缓冲。 [[9]](https://www.6park.com/news/1764702195.html)\n    - **经营服务业务增长**: 2025年前三季度，物业、商业等经营服务业务收入保持平稳增长，为公司提供了稳定的现金流。 (来源: 新闻)\n- **政策/宏观影响**:\n    - **宏观政策**: 当前宏观政策的核心是“稳预期、防风险、促转型”，通过融资协调机制（“白名单”）、保障房建设、盘活存量资产等方式推动房地产市场“止跌回稳”。 [[2]](http://m.fangchan.com/data/13/2025-03-27/7310829202360832840.html)[[3]](http://www.cb.com.cn/index/show/gs3/cv/cv12543105155)\n    - **化债模式转变**: 市场分析认为，万科首次寻求公开市场债务展期，可能标志着大股东的“输血”模式将有所转变，未来公司需更多依靠自身力量以市场化方式化解债务。 [[4]](https://www.163.com/dy/article/KFPILO5I05565OM4.html)\n\n#### 3) 需要关注的经营风险或不确定性\n- **债务偿付风险**: 这是公司当前面临的最核心风险。截至2025年三季度末，公司有息负债超3300亿元，现金短债比恶化，短期偿债压力巨大。 [[8]](https://finance.sina.cn/insurance/gsdt/2025-12-03/detail-infzpnec0111117.d.html?vt=4&cid=79649&node_id=79649)[[10]](https://caifuhao.eastmoney.com/news/20251127050833214562160) 首次公开寻求债务展期，表明其依靠自身经营现金流已难以覆盖到期债务。 [[8]](https://finance.sina.cn/insurance/gsdt/2025-12-03/detail-infzpnec0111117.d.html?vt=4&cid=79649&node_id=79649)\n- **经营持续亏损**: 公司2025年前三季度归母净亏损达280.2亿元，营业收入同比大幅下降，核心的开发业务造血能力严重不足，持续亏损将进一步侵蚀公司的偿债基础。 [[8]](https://finance.sina.cn/insurance/gsdt/2025-12-03/detail-infzpnec0111117.d.html?vt=4&cid=79649&node_id=79649)\n- **大股东支持的不确定性**: 尽管深圳地铁集团持续提供支持，但其支持方式已从直接“输血”转向更为市场化的方式，未来支持的力度、形式以及附加条件存在不确定性。 [[4]](https://www.163.com/dy/article/KFPILO5I05565OM4.html)[[9]](https://www.6park.com/news/1764702195.html)\n- **资产处置压力**: 为应对流动性危机，万科需要加快处置非核心资产以回笼资金，但当前市场环境下资产处置的进度和价格均面临较大不确定性。 [[10]](https://caifuhao.eastmoney.com/news/20251127050833214562160)\n\n---\nLearn more:\n1. [中信证券：2025年下半年是中国房地产行业的剧变时刻 - 华尔街见闻](https://wallstreetcn.com/articles/3748014)\n2. [2025年一季度中国房地产行业总结与展望（上篇） - 中房网](http://m.fangchan.com/data/13/2025-03-27/7310829202360832840.html)\n3. [2025年房地产政策方向明确：止跌回稳与需求释放并重 - 中国经营报](http://www.cb.com.cn/index/show/gs3/cv/cv12543105155)\n4. [万科是怎样从第一名走到爆雷边缘的，它会成为下一个恒大吗？ - 网易](https://www.163.com/dy/article/KFPILO5I05565OM4.html)\n5. [万科为何“巨亏”：资产负债表衰退？ - 虎嗅网](https://www.huxiu.com/article/4587836.html)\n6. [投资者推介 - 万科集团](https://www.vanke.com/mobile/investor/data?typeid=62&newsid=7977)\n7. [万科半年报：三大主业竞争力提升，多赛道REITs实现突破 - 新浪财经](https://finance.sina.com.cn/roll/2024-08-30/doc-incmmrrh6452620.shtml)\n8. [340亿险资被套？万科债务展期，多家保险机构陷“退无门、守亏本”困局 - 新浪财经](https://finance.sina.cn/insurance/gsdt/2025-12-03/detail-infzpnec0111117.d.html?vt=4&cid=79649&node_id=79649)\n9. [万科债务危机升级会成为又一个“恒大”吗?](https://www.6park.com/news/1764702195.html)\n10. [万科股债齐探底，从万科困局中给我们带来哪些警示？ - 财富号- 东方财富](https://caifuhao.eastmoney.com/news/20251127050833214562160)\n\n",
  "valuation": {
    "intrinsic_value": -22.74262633442893,
    "valuation_methods": {
      "dcf": {
        "fair_value": -22.74262633442893,
        "equity_value": -271335667403.58527,
        "wacc": 0.1,
        "g": 0.08,
        "gt": 0.03,
        "years": 5.0,
        "fair_value_wacc_8": -32.06329624082085,
        "fair_value_wacc_12": -17.573153781887648,
        "fair_value_g_7": -21.817791898059237,
        "fair_value_g_9": -23.70026562237208
      }
    }
  },
  "company_intro": "万科企业股份有限公司（000002.SZ）是中国领先的房地产开发商之一，业务涵盖房地产开发、物业服务及多元化经营。公司具有混合所有制背景，深圳市地铁集团为其大股东。当前，万科正面临严峻的经营与流动性挑战。近期，公司首次寻求公开市场债务展期，导致信用评级被下调至“CCC-”级别，市场对其偿债能力的担忧急剧升温。尽管经营服务业务保持稳定，但核心的开发业务承受巨大压力，导致公司整体陷入亏损。公司正处于消化历史负担、应对行业深度调整的关键时期，未来发展充满不确定性。",
  "industry_analysis": "中国房地产行业正经历深刻的结构性调整，告别过去高杠杆、高周转的“三高”模式。市场整体面临需求疲软、房价下行和消费者信心不足的困境，导致房企销售普遍下滑，流动性压力加剧。行业出清加速，部分企业已出现债务违约或重组。万科作为行业龙头，其近期遭遇的债务困境和经营亏损，反映了即便是头部优质房企也难以幸免于本轮行业下行周期的系统性风险。政策支持虽有出台，但市场信心的恢复仍需时间，行业短期内仍将处于筑底阶段，企业生存与转型能力面临极大考验。",
  "growth_analysis": "公司增长面临严重挑战，增长引擎熄火。根据2025年三季报数据，公司营业收入同比大幅下滑26.6%，与过去近十年20.7%的营收复合年增长率形成鲜明反差。盈利能力急剧恶化，前三季度归母净亏损高达280.2亿元，显示主营业务已无法产生正向利润。尽管经营服务业务（物业、商业等）收入同比微增1.1%，展现了一定韧性，但其规模远不足以弥补房地产开发业务的巨额亏损和现金流缺口。整体来看，公司已从增长阶段转入收缩和战略防御阶段，短期内难见增长拐点。",
  "financial_analysis": "公司财务状况已极度紧张，陷入流动性危机。截至2025年三季度末的TTM数据显示，公司营业利润率与净利润率分别为-13.1%和-14.5%，已严重亏损。利息保障倍数为-2.61，表明息税前利润远不足以覆盖利息支出，偿债压力巨大。速动比率仅为0.60，显示短期偿债能力堪忧。这些数据与近期事件高度吻合：公司首次寻求债务展期、信用评级被标普下调至“CCC-”并列入负面观察名单。此外，经营活动现金流与自由现金流均为负值，表明公司经营持续“失血”，其财务可持续性高度依赖外部融资及资产处置。",
  "valuation_analysis": "当前估值反映了市场的极度悲观预期。截至2025年12月5日，公司股价为4.95元，已触及近十年新低。由于公司处于严重亏损状态，市盈率（PE）等传统估值指标已失效。基于现金流贴现（DCF）模型的测算，公司的内在价值为-22.74元，表明在当前经营和债务压力下，其未来预期现金流无法支撑现有股权价值，甚至为负。这一结果与标普认为其债务可能无法偿还的判断相符。目前股价的任何支撑均来自对公司重组成功或获得超预期外部支持的博弈，而非基本面驱动，投资风险极高。",
  "core_viewpoints": "核心观点：1）陷入严重债务危机：公司首次寻求公开债展期，信用评级被下调至接近违约的“CCC-”级，多只债券价格暴跌，流动性风险已全面暴露。2）主业经营严重恶化：前三季度巨亏280.2亿元，营收同比下降超26%，核心开发业务持续“失血”，盈利能力和现金创造能力丧失。3）股东支持面临考验：虽有大股东深铁集团提供借款，但公司仍走向市场化债务展期，表明外部“输血”的范围和力度或有限，未来更需依靠自身化债。4）估值已无基本面支撑：DCF估值结果为负，股价处于历史低位，反映市场对其生存能力的极度担忧，投资已沦为高风险博弈。",
  "narrative_missing_sections": [],
  "risk_catalyst": "好的，遵照您的要求，我将以CFA级别股票分析师的身份，根据所提供的定量数据、新闻摘要和公司背景，撰写关于万科A（000002.SZ）的风险与催化剂段落。\n\n---\n\n### **投资风险 (Risks)**\n\n1.  **严峻的流动性压力与债务违约风险：** 公司正面临上市以来最严峻的流动性挑战。近期，万科首次寻求公开市场债务展期，导致其多只境内债券价格暴跌并触发临时停牌，A股股价亦创下近十年新低，市场对其偿债能力的担忧情绪集中爆发 (来源: 新闻)。国际评级机构标普已将公司长期信用评级下调至“CCC-”，并列入负面观察名单，明确指出其存在债务无法偿还或重组的风险 (来源: 新闻)。此外，公司持有的子公司股权近期被司法冻结，进一步加剧了资产处置和融资的难度 (来源: 新闻)。从财务数据来看，公司利息保障倍数为-2.61倍，经营活动现金流（OCF）和自由现金流（FCF）利润率均为负值，分别为-1.8%和-2.3%，表明自身造血能力已无法覆盖利息支出和维持运营，高度依赖外部融资 (来源: 定量)。\n\n2.  **经营基本面严重恶化，盈利能力崩溃：** 公司2025年三季报显示，前三季度营业收入同比大幅下滑26.6%，并录得高达280.2亿元的归母净亏损，基本面持续探底 (来源: 新闻)。定量分析显示，公司的营业利润率、净利润率和EBITDA利润率分别为-13.1%、-14.5%和-3.8%，已陷入全面亏损 (来源: 定量)。同时，总资产回报率（ROA）和净资产收益率（ROE）分别为-8.1%和-51.3%，表明资产运营效率低下，股东价值正遭受严重侵蚀 (来源: 定量)。高达264天的存货周转天数（DIO）反映出在行业下行周期中，公司项目去化面临巨大困难，大量资金沉淀于存货，加剧了现金流紧张 (来源: 定量)。\n\n3.  **内在价值为负，估值面临坍塌风险：** 我们的现金流折现（DCF）模型测算得出，公司的内在价值为每股-22.74元 (来源: 定量)。这一负值结果是基于公司当前持续为负的自由现金流以及对未来几年艰难经营环境的预期，其含义是公司在可预见的未来所产生的现金流现值总和尚不足以覆盖其净债务，现有股权价值已经为负。尽管当前股价（约4.95元）仍为正，但它与我们的内在价值估算存在巨大鸿沟，这表明市场可能仍对潜在的重组方案或强力外部支持抱有预期。一旦该预期落空，股价将面临巨大的价值重估下行压力 (来源: 定性/定量)。\n\n4.  **大股东支持的边际效用与不确定性：** 尽管大股东深铁集团持续为公司提供流动性支持，包括近期股东大会通过的股东借款议案，但这被市场部分解读为万科依靠自身信用再融资的能力已基本枯竭 (来源: 新闻)。市场分析指出，万科首次寻求债券展期可能标志着大股东“输血”模式的转变，未来或将更强调市场化、法治化的债务化解路径 (来源: 新闻/定性)。因此，未来大股东支持的规模、条件以及可持续性存在不确定性，若支持力度不及预期，将直接冲击公司的最后一道防线 (来源: 定性)。\n\n### **潜在催化剂 (Catalysts)**\n\n1.  **债务重组方案成功落地，短期流动性警报解除：** 当前压制公司估值的核心因素是迫在眉睫的债务危机。若公司能与主要债权人就债务展期、降息等重组方案达成一致，特别是成功完成“22万科MTN004”等关键债务的展期，将为公司赢得宝贵的喘息时间 (来源: 新闻)。在大股东深铁集团的协调与增信支持下，一揽子化债方案的推出将是短期内最强有力的催化剂，能够显著修复市场信心，推动估值回升 (来源: 定性)。\n\n2.  **房地产行业政策超预期宽松或市场销售企稳回暖：** 公司的困境与整个房地产行业的深度调整密不可分。若后续中央或地方政府出台更强力、更有效的需求端刺激政策（如全面取消核心城市限购、大幅降低按揭贷款利率等），或推出针对优质开发商的直接流动性支持计划，可能引导市场销售出现拐点 (来源: 定性)。一旦销售回款得到实质性改善，公司的经营性现金流将得到修复，从而从根本上缓解流动性压力 (来源: 定性)。\n\n3.  **经营服务业务价值释放或资产处置超预期：** 在开发业务承压之际，万科的经营服务业务（物业、商业、租赁等）展现了较强的韧性，2025年前三季度收入实现平稳增长 (来源: 新闻)。这部分业务能提供稳定的现金流，是公司的“压舱石”。未来，如果公司能成功分拆该部分业务上市，或以较好的估值出售部分非核心商业地产、物流资产，所获资金将能直接用于偿还债务，实现资产价值重估，成为改善资产负债表的重要催化剂 (来源: 定性)。",
  "review_report": "好的，已完成复核。以下是详细的检查结果：\n\n*   **[警告] 净利润增长率与亏损事实存在表面矛盾**\n    *   **原因**：量化结果 `growth_curve` 显示净利润同比增长率 (`net_income_yoy`) 为 **+72.2%**，这给人的第一印象是公司盈利能力大幅改善。然而，`ratios` 部分显示公司净利率 (`net_margin`) 为 **-14.5%**，每股收益 (`eps`) 为负，同时 `news_digest` 明确指出公司“前三季度净亏损高达280.2亿元”。这三者之间存在显著的表面矛盾。\n    *   **说明**：这种矛盾在数学上是可能成立的，即本期亏损额较去年同期的亏损额大幅收窄（例如，从亏损100亿收窄至亏损28亿）。但这个正向增长指标极易误导未深入分析的读者。在叙事段落（尤其是 `financial_analysis`）中必须明确解释这一“正增长”是基于去年同期更严重的亏损，并强调公司目前仍处于巨额亏损状态，而非盈利能力出现根本性好转。\n\n*   **[错误] DCF估值增长假设与公司基本面严重不符**\n    *   **原因**：`valuation` 中的DCF模型（`dcf`）采用了 **8%** 的近期增长率假设（`g` = 0.08）。这一假设与公司当前的经营状况完全背离。`growth_curve` 显示最近一年营收同比下降 **-26.6%** (`revenue_yoy`)，且 `news_digest` 反复强调公司“销售下滑”、“债务压力剧增”、“寻求债务展期”，评级被下调至“CCC-”。为一个营收剧烈萎缩、深陷流动性危机的公司设置未来5年8%的高速增长假设，缺乏任何事实依据，使得DCF估值结果（即使为负）也失去了参考意义。\n\n*   **[错误] 关键叙事段落缺失，无法完成全面复核**\n    *   **原因**：输入内容缺少了报告的核心组成部分，包括 `qual_notes` (定性要点), `company_intro` (公司介绍), `industry_analysis` (行业分析), `growth_analysis` (成长性分析), `financial_analysis` (财务分析), `valuation_analysis` (估值分析), `risk_catalyst` (风险与催化剂) 以及 `anomalies` (数据异常提示) 的具体文字内容。\n    *   **说明**：没有这些叙事段落，无法判断分析师是否对上述发现的矛盾点（如净利润增长率问题、DCF增长假设问题）进行了合理解释和论证。复核工作的核心是确保数据、定性判断和最终结论之间的逻辑一致性，而目前缺少了连接这一切的“逻辑链条”。\n\n*   **[通过] 新闻摘要来源清晰**\n    *   **原因**：`news_digest` 中的每一条新闻摘要和总结要点均清晰地标注了信息来源（如：界面新闻, AASTOCKS, 证券时报, 财新网等），符合规范。\n\n### 总结与修改建议\n\n**存在严重问题，报告无法通过。**\n\n**需要重写或补充的段落：**\n\n1.  **`valuation_analysis` (估值分析)**：必须重写。DCF模型的增长率假设需要基于现实情况进行调整，或者分析师需要提供极具说服力的理由来支撑8%的增长假设。否则，应考虑使用其他更适合困境企业的估值方法（如资产清算价值法）。\n2.  **`financial_analysis` (财务分析)**：必须补充。需要在此段落中详细解释“净利润同比增长72.2%”与“公司巨额亏损”并存的现象，避免误导。\n3.  **`growth_analysis` (成长性分析)**：必须补充。需要正面回应公司营收大幅下滑的现状，并对未来的增长前景（或萎缩前景）进行审慎、有数据支持的分析，而不是回避问题。\n4.  **所有其他缺失的叙事段落**：均需补充完整，以构建一份逻辑严密、内容完整的分析报告。",
  "charts": [
    {
      "path": "/mnt/d/Work/A Stock Agent/CodexEnv/reports/charts/000002.SZ_price.png",
      "caption": "Price Trend"
    },
    {
      "path": "/mnt/d/Work/A Stock Agent/CodexEnv/reports/charts/000002.SZ_revenue_netincome.png",
      "caption": "Revenue/Net Income Trend"
    }
  ],
  "markdown_report": "# 万科A 深度研究报告\n\n> 报告生成日期：2025-12-05\n> 股票代码：000002.SZ\n\n## 核心观点\n核心观点：1）陷入严重债务危机：公司首次寻求公开债展期，信用评级被下调至接近违约的“CCC-”级，多只债券价格暴跌，流动性风险已全面暴露。2）主业经营严重恶化：前三季度巨亏280.2亿元，营收同比下降超26%，核心开发业务持续“失血”，盈利能力和现金创造能力丧失。3）股东支持面临考验：虽有大股东深铁集团提供借款，但公司仍走向市场化债务展期，表明外部“输血”的范围和力度或有限，未来更需依靠自身化债。4）估值已无基本面支撑：DCF估值结果为负，股价处于历史低位，反映市场对其生存能力的极度担忧，投资已沦为高风险博弈。\n\n## 公司简介\n万科企业股份有限公司（000002.SZ）是中国领先的房地产开发商之一，业务涵盖房地产开发、物业服务及多元化经营。公司具有混合所有制背景，深圳市地铁集团为其大股东。当前，万科正面临严峻的经营与流动性挑战。近期，公司首次寻求公开市场债务展期，导致信用评级被下调至“CCC-”级别，市场对其偿债能力的担忧急剧升温。尽管经营服务业务保持稳定，但核心的开发业务承受巨大压力，导致公司整体陷入亏损。公司正处于消化历史负担、应对行业深度调整的关键时期，未来发展充满不确定性。\n\n## 行业与竞争格局\n中国房地产行业正经历深刻的结构性调整，告别过去高杠杆、高周转的“三高”模式。市场整体面临需求疲软、房价下行和消费者信心不足的困境，导致房企销售普遍下滑，流动性压力加剧。行业出清加速，部分企业已出现债务违约或重组。万科作为行业龙头，其近期遭遇的债务困境和经营亏损，反映了即便是头部优质房企也难以幸免于本轮行业下行周期的系统性风险。政策支持虽有出台，但市场信心的恢复仍需时间，行业短期内仍将处于筑底阶段，企业生存与转型能力面临极大考验。\n\n## 增长分析\n公司增长面临严重挑战，增长引擎熄火。根据2025年三季报数据，公司营业收入同比大幅下滑26.6%，与过去近十年20.7%的营收复合年增长率形成鲜明反差。盈利能力急剧恶化，前三季度归母净亏损高达280.2亿元，显示主营业务已无法产生正向利润。尽管经营服务业务（物业、商业等）收入同比微增1.1%，展现了一定韧性，但其规模远不足以弥补房地产开发业务的巨额亏损和现金流缺口。整体来看，公司已从增长阶段转入收缩和战略防御阶段，短期内难见增长拐点。\n\n## 财务表现\n公司财务状况已极度紧张，陷入流动性危机。截至2025年三季度末的TTM数据显示，公司营业利润率与净利润率分别为-13.1%和-14.5%，已严重亏损。利息保障倍数为-2.61，表明息税前利润远不足以覆盖利息支出，偿债压力巨大。速动比率仅为0.60，显示短期偿债能力堪忧。这些数据与近期事件高度吻合：公司首次寻求债务展期、信用评级被标普下调至“CCC-”并列入负面观察名单。此外，经营活动现金流与自由现金流均为负值，表明公司经营持续“失血”，其财务可持续性高度依赖外部融资及资产处置。\n\n## 估值与敏感性\n当前估值反映了市场的极度悲观预期。截至2025年12月5日，公司股价为4.95元，已触及近十年新低。由于公司处于严重亏损状态，市盈率（PE）等传统估值指标已失效。基于现金流贴现（DCF）模型的测算，公司的内在价值为-22.74元，表明在当前经营和债务压力下，其未来预期现金流无法支撑现有股权价值，甚至为负。这一结果与标普认为其债务可能无法偿还的判断相符。目前股价的任何支撑均来自对公司重组成功或获得超预期外部支持的博弈，而非基本面驱动，投资风险极高。\n\n## 风险与催化剂\n好的，遵照您的要求，我将以CFA级别股票分析师的身份，根据所提供的定量数据、新闻摘要和公司背景，撰写关于万科A（000002.SZ）的风险与催化剂段落。\n\n---\n\n### **投资风险 (Risks)**\n\n1.  **严峻的流动性压力与债务违约风险：** 公司正面临上市以来最严峻的流动性挑战。近期，万科首次寻求公开市场债务展期，导致其多只境内债券价格暴跌并触发临时停牌，A股股价亦创下近十年新低，市场对其偿债能力的担忧情绪集中爆发 (来源: 新闻)。国际评级机构标普已将公司长期信用评级下调至“CCC-”，并列入负面观察名单，明确指出其存在债务无法偿还或重组的风险 (来源: 新闻)。此外，公司持有的子公司股权近期被司法冻结，进一步加剧了资产处置和融资的难度 (来源: 新闻)。从财务数据来看，公司利息保障倍数为-2.61倍，经营活动现金流（OCF）和自由现金流（FCF）利润率均为负值，分别为-1.8%和-2.3%，表明自身造血能力已无法覆盖利息支出和维持运营，高度依赖外部融资 (来源: 定量)。\n\n2.  **经营基本面严重恶化，盈利能力崩溃：** 公司2025年三季报显示，前三季度营业收入同比大幅下滑26.6%，并录得高达280.2亿元的归母净亏损，基本面持续探底 (来源: 新闻)。定量分析显示，公司的营业利润率、净利润率和EBITDA利润率分别为-13.1%、-14.5%和-3.8%，已陷入全面亏损 (来源: 定量)。同时，总资产回报率（ROA）和净资产收益率（ROE）分别为-8.1%和-51.3%，表明资产运营效率低下，股东价值正遭受严重侵蚀 (来源: 定量)。高达264天的存货周转天数（DIO）反映出在行业下行周期中，公司项目去化面临巨大困难，大量资金沉淀于存货，加剧了现金流紧张 (来源: 定量)。\n\n3.  **内在价值为负，估值面临坍塌风险：** 我们的现金流折现（DCF）模型测算得出，公司的内在价值为每股-22.74元 (来源: 定量)。这一负值结果是基于公司当前持续为负的自由现金流以及对未来几年艰难经营环境的预期，其含义是公司在可预见的未来所产生的现金流现值总和尚不足以覆盖其净债务，现有股权价值已经为负。尽管当前股价（约4.95元）仍为正，但它与我们的内在价值估算存在巨大鸿沟，这表明市场可能仍对潜在的重组方案或强力外部支持抱有预期。一旦该预期落空，股价将面临巨大的价值重估下行压力 (来源: 定性/定量)。\n\n4.  **大股东支持的边际效用与不确定性：** 尽管大股东深铁集团持续为公司提供流动性支持，包括近期股东大会通过的股东借款议案，但这被市场部分解读为万科依靠自身信用再融资的能力已基本枯竭 (来源: 新闻)。市场分析指出，万科首次寻求债券展期可能标志着大股东“输血”模式的转变，未来或将更强调市场化、法治化的债务化解路径 (来源: 新闻/定性)。因此，未来大股东支持的规模、条件以及可持续性存在不确定性，若支持力度不及预期，将直接冲击公司的最后一道防线 (来源: 定性)。\n\n### **潜在催化剂 (Catalysts)**\n\n1.  **债务重组方案成功落地，短期流动性警报解除：** 当前压制公司估值的核心因素是迫在眉睫的债务危机。若公司能与主要债权人就债务展期、降息等重组方案达成一致，特别是成功完成“22万科MTN004”等关键债务的展期，将为公司赢得宝贵的喘息时间 (来源: 新闻)。在大股东深铁集团的协调与增信支持下，一揽子化债方案的推出将是短期内最强有力的催化剂，能够显著修复市场信心，推动估值回升 (来源: 定性)。\n\n2.  **房地产行业政策超预期宽松或市场销售企稳回暖：** 公司的困境与整个房地产行业的深度调整密不可分。若后续中央或地方政府出台更强力、更有效的需求端刺激政策（如全面取消核心城市限购、大幅降低按揭贷款利率等），或推出针对优质开发商的直接流动性支持计划，可能引导市场销售出现拐点 (来源: 定性)。一旦销售回款得到实质性改善，公司的经营性现金流将得到修复，从而从根本上缓解流动性压力 (来源: 定性)。\n\n3.  **经营服务业务价值释放或资产处置超预期：** 在开发业务承压之际，万科的经营服务业务（物业、商业、租赁等）展现了较强的韧性，2025年前三季度收入实现平稳增长 (来源: 新闻)。这部分业务能提供稳定的现金流，是公司的“压舱石”。未来，如果公司能成功分拆该部分业务上市，或以较好的估值出售部分非核心商业地产、物流资产，所获资金将能直接用于偿还债务，实现资产价值重估，成为改善资产负债表的重要催化剂 (来源: 定性)。\n\n## 数据异常与提示\n- 增长异常：['revenue changed -47.5% at 1995-06-30 00:00:00', 'revenue changed 133.3% at 1995-12-31 00:00:00', 'revenue changed -66.2% at 1996-06-30 00:00:00', 'revenue changed 131.8% at 1996-12-31 00:00:00', 'revenue changed -30.1% at 1997-06-30 00:00:00', 'revenue changed 136.7% at 1997-12-31 00:00:00', 'revenue changed -53.6% at 1998-06-30 00:00:00', 'revenue changed 148.3% at 1998-12-31 00:00:00', 'revenue changed -55.8% at 1999-06-30 00:00:00', 'revenue changed 189.2% at 1999-12-31 00:00:00', 'revenue changed -51.1% at 2000-06-30 00:00:00', 'revenue changed 169.4% at 2000-12-31 00:00:00', 'revenue changed -35.7% at 2001-06-30 00:00:00', 'revenue changed 83.1% at 2001-12-31 00:00:00', 'revenue changed -87.7% at 2002-03-31 00:00:00', 'revenue changed 173.3% at 2002-06-30 00:00:00', 'revenue changed 56.8% at 2002-09-30 00:00:00', 'revenue changed 94.3% at 2002-12-31 00:00:00', 'revenue changed -83.0% at 2003-03-31 00:00:00', 'revenue changed 180.9% at 2003-06-30 00:00:00', 'revenue changed 49.0% at 2003-09-30 00:00:00', 'revenue changed 95.4% at 2003-12-31 00:00:00', 'revenue changed -83.8% at 2004-03-31 00:00:00', 'revenue changed 139.6% at 2004-06-30 00:00:00', 'revenue changed 40.7% at 2004-09-30 00:00:00', 'revenue changed 120.6% at 2004-12-31 00:00:00', 'revenue changed -75.4% at 2005-03-31 00:00:00', 'revenue changed 129.9% at 2005-06-30 00:00:00', 'revenue changed 143.6% at 2005-12-31 00:00:00', 'revenue changed -78.2% at 2006-03-31 00:00:00', 'revenue changed 189.5% at 2006-06-30 00:00:00', 'revenue changed 110.6% at 2006-12-31 00:00:00', 'revenue changed -77.0% at 2007-03-31 00:00:00', 'revenue changed 169.7% at 2007-06-30 00:00:00', 'revenue changed 150.7% at 2007-12-31 00:00:00', 'revenue changed -82.0% at 2008-03-31 00:00:00', 'revenue changed 169.6% at 2008-06-30 00:00:00', 'revenue changed 30.6% at 2008-09-30 00:00:00', 'revenue changed 81.8% at 2008-12-31 00:00:00', 'revenue changed -80.1% at 2009-03-31 00:00:00', 'revenue changed 167.1% at 2009-06-30 00:00:00', 'revenue changed 35.5% at 2009-09-30 00:00:00', 'revenue changed 65.5% at 2009-12-31 00:00:00', 'revenue changed -84.6% at 2010-03-31 00:00:00', 'revenue changed 123.4% at 2010-06-30 00:00:00', 'revenue changed 33.5% at 2010-09-30 00:00:00', 'revenue changed 126.6% at 2010-12-31 00:00:00', 'revenue changed -84.3% at 2011-03-31 00:00:00', 'revenue changed 150.8% at 2011-06-30 00:00:00', 'revenue changed 46.6% at 2011-09-30 00:00:00', 'revenue changed 144.9% at 2011-12-31 00:00:00', 'revenue changed -85.6% at 2012-03-31 00:00:00', 'revenue changed 197.0% at 2012-06-30 00:00:00', 'revenue changed 50.1% at 2012-09-30 00:00:00', 'revenue changed 123.5% at 2012-12-31 00:00:00', 'revenue changed -86.4% at 2013-03-31 00:00:00', 'revenue changed 195.6% at 2013-06-30 00:00:00', 'revenue changed 53.2% at 2013-09-30 00:00:00', 'revenue changed 113.5% at 2013-12-31 00:00:00', 'revenue changed -93.0% at 2014-03-31 00:00:00', 'revenue changed 331.3% at 2014-06-30 00:00:00', 'revenue changed 54.1% at 2014-09-30 00:00:00', 'revenue changed 131.8% at 2014-12-31 00:00:00', 'revenue changed -93.9% at 2015-03-31 00:00:00', 'revenue changed 465.2% at 2015-06-30 00:00:00', 'revenue changed 58.3% at 2015-09-30 00:00:00', 'revenue changed 145.7% at 2015-12-31 00:00:00', 'revenue changed -92.5% at 2016-03-31 00:00:00', 'revenue changed 411.9% at 2016-06-30 00:00:00', 'revenue changed 56.5% at 2016-09-30 00:00:00', 'revenue changed 105.4% at 2016-12-31 00:00:00', 'revenue changed -92.3% at 2017-03-31 00:00:00', 'revenue changed 275.5% at 2017-06-30 00:00:00', 'revenue changed 67.7% at 2017-09-30 00:00:00', 'revenue changed 107.4% at 2017-12-31 00:00:00', 'revenue changed -87.3% at 2018-03-31 00:00:00', 'revenue changed 243.8% at 2018-06-30 00:00:00', 'revenue changed 66.1% at 2018-09-30 00:00:00', 'revenue changed 69.1% at 2018-12-31 00:00:00', 'revenue changed -83.7% at 2019-03-31 00:00:00', 'revenue changed 188.0% at 2019-06-30 00:00:00', 'revenue changed 60.7% at 2019-09-30 00:00:00', 'revenue changed 64.3% at 2019-12-31 00:00:00', 'revenue changed -87.0% at 2020-03-31 00:00:00', 'revenue changed 206.3% at 2020-06-30 00:00:00', 'revenue changed 65.0% at 2020-09-30 00:00:00', 'revenue changed 73.6% at 2020-12-31 00:00:00', 'revenue changed -85.1% at 2021-03-31 00:00:00', 'revenue changed 168.4% at 2021-06-30 00:00:00', 'revenue changed 62.5% at 2021-09-30 00:00:00', 'revenue changed 66.8% at 2021-12-31 00:00:00', 'revenue changed -86.2% at 2022-03-31 00:00:00', 'revenue changed 230.2% at 2022-06-30 00:00:00', 'revenue changed 63.2% at 2022-09-30 00:00:00', 'revenue changed 49.2% at 2022-12-31 00:00:00', 'revenue changed -86.4% at 2023-03-31 00:00:00', 'revenue changed 193.4% at 2023-06-30 00:00:00', 'revenue changed 44.5% at 2023-09-30 00:00:00', 'revenue changed 60.4% at 2023-12-31 00:00:00', 'revenue changed -86.8% at 2024-03-31 00:00:00', 'revenue changed 131.8% at 2024-06-30 00:00:00', 'revenue changed 54.0% at 2024-09-30 00:00:00', 'revenue changed 56.1% at 2024-12-31 00:00:00', 'revenue changed -88.9% at 2025-03-31 00:00:00', 'revenue changed 177.2% at 2025-06-30 00:00:00', 'revenue changed 53.2% at 2025-09-30 00:00:00', 'net_income changed -64.1% at 1995-06-30 00:00:00', 'net_income changed 164.3% at 1995-12-31 00:00:00', 'net_income changed -67.9% at 1996-06-30 00:00:00', 'net_income changed 187.6% at 1996-12-31 00:00:00', 'net_income changed -53.2% at 1997-06-30 00:00:00', 'net_income changed 179.6% at 1997-12-31 00:00:00', 'net_income changed -57.4% at 1998-06-30 00:00:00', 'net_income changed 145.7% at 1998-12-31 00:00:00', 'net_income changed -59.0% at 1999-06-30 00:00:00', 'net_income changed 177.0% at 1999-12-31 00:00:00', 'net_income changed -50.1% at 2000-06-30 00:00:00', 'net_income changed 159.5% at 2000-12-31 00:00:00', 'net_income changed -42.8% at 2001-06-30 00:00:00', 'net_income changed 114.5% at 2001-12-31 00:00:00', 'net_income changed -92.0% at 2002-03-31 00:00:00', 'net_income changed 365.3% at 2002-06-30 00:00:00', 'net_income changed 31.6% at 2002-09-30 00:00:00', 'net_income changed 112.8% at 2002-12-31 00:00:00', 'net_income changed -90.0% at 2003-03-31 00:00:00', 'net_income changed 428.1% at 2003-06-30 00:00:00', 'net_income changed 31.5% at 2003-09-30 00:00:00', 'net_income changed 105.8% at 2003-12-31 00:00:00', 'net_income changed -80.6% at 2004-03-31 00:00:00', 'net_income changed 203.2% at 2004-06-30 00:00:00', 'net_income changed 129.0% at 2004-12-31 00:00:00', 'net_income changed -72.7% at 2005-03-31 00:00:00', 'net_income changed 226.7% at 2005-06-30 00:00:00', 'net_income changed 76.3% at 2005-12-31 00:00:00', 'net_income changed -71.3% at 2006-03-31 00:00:00', 'net_income changed 210.6% at 2006-06-30 00:00:00', 'net_income changed 66.4% at 2006-12-31 00:00:00', 'net_income changed -74.6% at 2007-03-31 00:00:00', 'net_income changed 192.3% at 2007-06-30 00:00:00', 'net_income changed 154.4% at 2007-12-31 00:00:00', 'net_income changed -86.1% at 2008-03-31 00:00:00', 'net_income changed 211.0% at 2008-06-30 00:00:00', 'net_income changed 76.1% at 2008-12-31 00:00:00', 'net_income changed -80.8% at 2009-03-31 00:00:00', 'net_income changed 248.9% at 2009-06-30 00:00:00', 'net_income changed 75.2% at 2009-12-31 00:00:00', 'net_income changed -81.7% at 2010-03-31 00:00:00', 'net_income changed 168.8% at 2010-06-30 00:00:00', 'net_income changed 131.1% at 2010-12-31 00:00:00', 'net_income changed -86.5% at 2011-03-31 00:00:00', 'net_income changed 173.3% at 2011-06-30 00:00:00', 'net_income changed 182.5% at 2011-12-31 00:00:00', 'net_income changed -86.8% at 2012-03-31 00:00:00', 'net_income changed 196.3% at 2012-06-30 00:00:00', 'net_income changed 35.5% at 2012-09-30 00:00:00', 'net_income changed 154.8% at 2012-12-31 00:00:00', 'net_income changed -88.6% at 2013-03-31 00:00:00', 'net_income changed 198.2% at 2013-06-30 00:00:00', 'net_income changed 40.1% at 2013-09-30 00:00:00', 'net_income changed 144.7% at 2013-12-31 00:00:00', 'net_income changed -91.0% at 2014-03-31 00:00:00', 'net_income changed 235.2% at 2014-06-30 00:00:00', 'net_income changed 38.5% at 2014-09-30 00:00:00', 'net_income changed 153.6% at 2014-12-31 00:00:00', 'net_income changed -95.3% at 2015-03-31 00:00:00', 'net_income changed 647.7% at 2015-06-30 00:00:00', 'net_income changed 40.5% at 2015-09-30 00:00:00', 'net_income changed 172.0% at 2015-12-31 00:00:00', 'net_income changed -95.2% at 2016-03-31 00:00:00', 'net_income changed 467.7% at 2016-06-30 00:00:00', 'net_income changed 59.1% at 2016-09-30 00:00:00', 'net_income changed 151.1% at 2016-12-31 00:00:00', 'net_income changed -96.1% at 2017-03-31 00:00:00', 'net_income changed 806.4% at 2017-06-30 00:00:00', 'net_income changed 47.4% at 2017-09-30 00:00:00', 'net_income changed 151.1% at 2017-12-31 00:00:00', 'net_income changed -95.2% at 2018-03-31 00:00:00', 'net_income changed 659.9% at 2018-06-30 00:00:00', 'net_income changed 61.2% at 2018-09-30 00:00:00', 'net_income changed 126.0% at 2018-12-31 00:00:00', 'net_income changed -93.5% at 2019-03-31 00:00:00', 'net_income changed 501.6% at 2019-06-30 00:00:00', 'net_income changed 48.2% at 2019-09-30 00:00:00', 'net_income changed 92.8% at 2019-12-31 00:00:00', 'net_income changed -95.6% at 2020-03-31 00:00:00', 'net_income changed 666.5% at 2020-06-30 00:00:00', 'net_income changed 61.4% at 2020-09-30 00:00:00', 'net_income changed 97.2% at 2020-12-31 00:00:00', 'net_income changed -95.8% at 2021-03-31 00:00:00', 'net_income changed 545.1% at 2021-06-30 00:00:00', 'net_income changed 52.1% at 2021-09-30 00:00:00', 'net_income changed 54.7% at 2021-12-31 00:00:00', 'net_income changed -92.7% at 2022-03-31 00:00:00', 'net_income changed 549.5% at 2022-06-30 00:00:00', 'net_income changed 50.5% at 2022-09-30 00:00:00', 'net_income changed 37.8% at 2022-12-31 00:00:00', 'net_income changed -92.5% at 2023-03-31 00:00:00', 'net_income changed 435.3% at 2023-06-30 00:00:00', 'net_income changed 38.6% at 2023-09-30 00:00:00', 'net_income changed -98.4% at 2024-03-31 00:00:00', 'net_income changed -2672.0% at 2024-06-30 00:00:00', 'net_income changed 92.4% at 2024-09-30 00:00:00', 'net_income changed 197.0% at 2024-12-31 00:00:00', 'net_income changed -86.8% at 2025-03-31 00:00:00', 'net_income changed 69.4% at 2025-06-30 00:00:00', 'net_income changed 159.9% at 2025-09-30 00:00:00']\n- 盈利异常：['Net margin negative (-14.5%)', 'Latest net income is negative']\n\n## 复核摘要\n好的，已完成复核。以下是详细的检查结果：\n\n*   **[警告] 净利润增长率与亏损事实存在表面矛盾**\n    *   **原因**：量化结果 `growth_curve` 显示净利润同比增长率 (`net_income_yoy`) 为 **+72.2%**，这给人的第一印象是公司盈利能力大幅改善。然而，`ratios` 部分显示公司净利率 (`net_margin`) 为 **-14.5%**，每股收益 (`eps`) 为负，同时 `news_digest` 明确指出公司“前三季度净亏损高达280.2亿元”。这三者之间存在显著的表面矛盾。\n    *   **说明**：这种矛盾在数学上是可能成立的，即本期亏损额较去年同期的亏损额大幅收窄（例如，从亏损100亿收窄至亏损28亿）。但这个正向增长指标极易误导未深入分析的读者。在叙事段落（尤其是 `financial_analysis`）中必须明确解释这一“正增长”是基于去年同期更严重的亏损，并强调公司目前仍处于巨额亏损状态，而非盈利能力出现根本性好转。\n\n*   **[错误] DCF估值增长假设与公司基本面严重不符**\n    *   **原因**：`valuation` 中的DCF模型（`dcf`）采用了 **8%** 的近期增长率假设（`g` = 0.08）。这一假设与公司当前的经营状况完全背离。`growth_curve` 显示最近一年营收同比下降 **-26.6%** (`revenue_yoy`)，且 `news_digest` 反复强调公司“销售下滑”、“债务压力剧增”、“寻求债务展期”，评级被下调至“CCC-”。为一个营收剧烈萎缩、深陷流动性危机的公司设置未来5年8%的高速增长假设，缺乏任何事实依据，使得DCF估值结果（即使为负）也失去了参考意义。\n\n*   **[错误] 关键叙事段落缺失，无法完成全面复核**\n    *   **原因**：输入内容缺少了报告的核心组成部分，包括 `qual_notes` (定性要点), `company_intro` (公司介绍), `industry_analysis` (行业分析), `growth_analysis` (成长性分析), `financial_analysis` (财务分析), `valuation_analysis` (估值分析), `risk_catalyst` (风险与催化剂) 以及 `anomalies` (数据异常提示) 的具体文字内容。\n    *   **说明**：没有这些叙事段落，无法判断分析师是否对上述发现的矛盾点（如净利润增长率问题、DCF增长假设问题）进行了合理解释和论证。复核工作的核心是确保数据、定性判断和最终结论之间的逻辑一致性，而目前缺少了连接这一切的“逻辑链条”。\n\n*   **[通过] 新闻摘要来源清晰**\n    *   **原因**：`news_digest` 中的每一条新闻摘要和总结要点均清晰地标注了信息来源（如：界面新闻, AASTOCKS, 证券时报, 财新网等），符合规范。\n\n### 总结与修改建议\n\n**存在严重问题，报告无法通过。**\n\n**需要重写或补充的段落：**\n\n1.  **`valuation_analysis` (估值分析)**：必须重写。DCF模型的增长率假设需要基于现实情况进行调整，或者分析师需要提供极具说服力的理由来支撑8%的增长假设。否则，应考虑使用其他更适合困境企业的估值方法（如资产清算价值法）。\n2.  **`financial_analysis` (财务分析)**：必须补充。需要在此段落中详细解释“净利润同比增长72.2%”与“公司巨额亏损”并存的现象，避免误导。\n3.  **`growth_analysis` (成长性分析)**：必须补充。需要正面回应公司营收大幅下滑的现状，并对未来的增长前景（或萎缩前景）进行审慎、有数据支持的分析，而不是回避问题。\n4.  **所有其他缺失的叙事段落**：均需补充完整，以构建一份逻辑严密、内容完整的分析报告。\n\n## QA 检查\n- 通过：是\n- 缺失叙事：无\n- 检查项：\n  - 财报数据已加载：通过\n  - 行情窗口可用：通过\n  - 财务比率已计算：通过\n  - 估值结果已生成：通过\n  - 新闻摘要可用：通过\n  - 定性研究可用：通过\n  - 叙事段落: 公司简介：通过\n  - 叙事段落: 行业分析：通过\n  - 叙事段落: 成长性：通过\n  - 叙事段落: 财务分析：通过\n  - 叙事段落: 估值解读：通过\n  - 风险与催化剂：通过\n  - 复核报告可用：通过\n  - 异常检测结果可用：通过\n  - Markdown 报告已渲染：通过\n  - 新闻段落包含来源格式：通过\n  - 定性要点包含来源格式：通过\n- 重写建议：\n  - 无\n\n## Charts\n- ![Price Trend](/mnt/d/Work/A Stock Agent/CodexEnv/reports/charts/000002.SZ_price.png) — Price Trend\n- ![Revenue/Net Income Trend](/mnt/d/Work/A Stock Agent/CodexEnv/reports/charts/000002.SZ_revenue_netincome.png) — Revenue/Net Income Trend\n\n---\n\n*本报告由 LangGraph 工作流自动生成，定量结果来源于项目内置数据流水线。*",
  "html_report": "<!DOCTYPE html>\n<html lang=\"zh-CN\">\n<head>\n  <meta charset=\"UTF-8\" />\n  <title>万科A 研究报告</title>\n  <style>\n    :root {\n      --bg: #0f172a;\n      --card: #111827;\n      --text: #e2e8f0;\n      --muted: #94a3b8;\n      --accent: #38bdf8;\n      --warn: #f59e0b;\n      --error: #f43f5e;\n    }\n    body { margin: 0; font-family: 'Segoe UI', 'Helvetica Neue', Arial, sans-serif; background: var(--bg); color: var(--text); }\n    header { padding: 24px 32px; border-bottom: 1px solid #1f2937; }\n    h1 { margin: 0; font-size: 28px; }\n    .meta { color: var(--muted); margin-top: 6px; }\n    main { padding: 24px 32px 48px; display: grid; gap: 16px; max-width: 1080px; }\n    .section { background: var(--card); border: 1px solid #1f2937; border-radius: 12px; padding: 18px 20px; box-shadow: 0 10px 30px rgba(0,0,0,0.25); }\n    .section h2 { margin: 0 0 10px; font-size: 20px; color: var(--accent); }\n    p { line-height: 1.6; margin: 6px 0; }\n    .tag { display: inline-block; padding: 2px 8px; border-radius: 999px; font-size: 12px; }\n    .tag.ok { background: rgba(56, 189, 248, 0.12); color: var(--accent); border: 1px solid rgba(56, 189, 248, 0.35); }\n    .tag.missing { background: rgba(244, 63, 94, 0.12); color: var(--error); border: 1px solid rgba(244, 63, 94, 0.35); }\n    ul { margin: 6px 0 0 18px; padding: 0; }\n    .grid { display: grid; grid-template-columns: repeat(auto-fit, minmax(320px, 1fr)); gap: 12px; }\n    .qa-list li { margin: 4px 0; }\n    .charts img { max-width: 100%; border-radius: 10px; border: 1px solid #1f2937; }\n\n    /* Print-friendly palette */\n    @media print {\n      :root {\n        --bg: #ffffff;\n        --card: #ffffff;\n        --text: #0f172a;\n        --muted: #334155;\n        --accent: #0f3d63;\n        --warn: #b45309;\n        --error: #b91c1c;\n      }\n      body { background: #ffffff; color: var(--text); }\n      header { border-bottom: 1px solid #e2e8f0; }\n      .section { background: #ffffff; border: 1px solid #e2e8f0; box-shadow: none; }\n      .charts img { border: 1px solid #e2e8f0; }\n    }\n  </style>\n</head>\n<body>\n  <header>\n    <h1>万科A 深度研究报告</h1>\n    <div class=\"meta\">生成日期：2025-12-05 ｜ 代码：000002.SZ</div>\n  </header>\n  <main>\n    <section class=\"section\">\n      <h2>核心观点</h2>\n      <p>核心观点：1）陷入严重债务危机：公司首次寻求公开债展期，信用评级被下调至接近违约的“CCC-”级，多只债券价格暴跌，流动性风险已全面暴露。2）主业经营严重恶化：前三季度巨亏280.2亿元，营收同比下降超26%，核心开发业务持续“失血”，盈利能力和现金创造能力丧失。3）股东支持面临考验：虽有大股东深铁集团提供借款，但公司仍走向市场化债务展期，表明外部“输血”的范围和力度或有限，未来更需依靠自身化债。4）估值已无基本面支撑：DCF估值结果为负，股价处于历史低位，反映市场对其生存能力的极度担忧，投资已沦为高风险博弈。</p>\n    </section>\n\n    <div class=\"grid\">\n      <section class=\"section\">\n        <h2>公司简介</h2>\n        <p>万科企业股份有限公司（000002.SZ）是中国领先的房地产开发商之一，业务涵盖房地产开发、物业服务及多元化经营。公司具有混合所有制背景，深圳市地铁集团为其大股东。当前，万科正面临严峻的经营与流动性挑战。近期，公司首次寻求公开市场债务展期，导致信用评级被下调至“CCC-”级别，市场对其偿债能力的担忧急剧升温。尽管经营服务业务保持稳定，但核心的开发业务承受巨大压力，导致公司整体陷入亏损。公司正处于消化历史负担、应对行业深度调整的关键时期，未来发展充满不确定性。</p>\n      </section>\n      <section class=\"section\">\n        <h2>行业与竞争格局</h2>\n        <p>中国房地产行业正经历深刻的结构性调整，告别过去高杠杆、高周转的“三高”模式。市场整体面临需求疲软、房价下行和消费者信心不足的困境，导致房企销售普遍下滑，流动性压力加剧。行业出清加速，部分企业已出现债务违约或重组。万科作为行业龙头，其近期遭遇的债务困境和经营亏损，反映了即便是头部优质房企也难以幸免于本轮行业下行周期的系统性风险。政策支持虽有出台，但市场信心的恢复仍需时间，行业短期内仍将处于筑底阶段，企业生存与转型能力面临极大考验。</p>\n      </section>\n    </div>\n\n    <div class=\"grid\">\n      <section class=\"section\">\n        <h2>增长分析</h2>\n        <p>公司增长面临严重挑战，增长引擎熄火。根据2025年三季报数据，公司营业收入同比大幅下滑26.6%，与过去近十年20.7%的营收复合年增长率形成鲜明反差。盈利能力急剧恶化，前三季度归母净亏损高达280.2亿元，显示主营业务已无法产生正向利润。尽管经营服务业务（物业、商业等）收入同比微增1.1%，展现了一定韧性，但其规模远不足以弥补房地产开发业务的巨额亏损和现金流缺口。整体来看，公司已从增长阶段转入收缩和战略防御阶段，短期内难见增长拐点。</p>\n      </section>\n      <section class=\"section\">\n        <h2>财务表现</h2>\n        <p>公司财务状况已极度紧张，陷入流动性危机。截至2025年三季度末的TTM数据显示，公司营业利润率与净利润率分别为-13.1%和-14.5%，已严重亏损。利息保障倍数为-2.61，表明息税前利润远不足以覆盖利息支出，偿债压力巨大。速动比率仅为0.60，显示短期偿债能力堪忧。这些数据与近期事件高度吻合：公司首次寻求债务展期、信用评级被标普下调至“CCC-”并列入负面观察名单。此外，经营活动现金流与自由现金流均为负值，表明公司经营持续“失血”，其财务可持续性高度依赖外部融资及资产处置。</p>\n      </section>\n    </div>\n\n    <section class=\"section\">\n      <h2>估值与敏感性</h2>\n      <p>当前估值反映了市场的极度悲观预期。截至2025年12月5日，公司股价为4.95元，已触及近十年新低。由于公司处于严重亏损状态，市盈率（PE）等传统估值指标已失效。基于现金流贴现（DCF）模型的测算，公司的内在价值为-22.74元，表明在当前经营和债务压力下，其未来预期现金流无法支撑现有股权价值，甚至为负。这一结果与标普认为其债务可能无法偿还的判断相符。目前股价的任何支撑均来自对公司重组成功或获得超预期外部支持的博弈，而非基本面驱动，投资风险极高。</p>\n    </section>\n\n    <section class=\"section\">\n      <h2>风险与催化剂</h2>\n      <p>好的，遵照您的要求，我将以CFA级别股票分析师的身份，根据所提供的定量数据、新闻摘要和公司背景，撰写关于万科A（000002.SZ）的风险与催化剂段落。\n\n---\n\n### **投资风险 (Risks)**\n\n1.  **严峻的流动性压力与债务违约风险：** 公司正面临上市以来最严峻的流动性挑战。近期，万科首次寻求公开市场债务展期，导致其多只境内债券价格暴跌并触发临时停牌，A股股价亦创下近十年新低，市场对其偿债能力的担忧情绪集中爆发 (来源: 新闻)。国际评级机构标普已将公司长期信用评级下调至“CCC-”，并列入负面观察名单，明确指出其存在债务无法偿还或重组的风险 (来源: 新闻)。此外，公司持有的子公司股权近期被司法冻结，进一步加剧了资产处置和融资的难度 (来源: 新闻)。从财务数据来看，公司利息保障倍数为-2.61倍，经营活动现金流（OCF）和自由现金流（FCF）利润率均为负值，分别为-1.8%和-2.3%，表明自身造血能力已无法覆盖利息支出和维持运营，高度依赖外部融资 (来源: 定量)。\n\n2.  **经营基本面严重恶化，盈利能力崩溃：** 公司2025年三季报显示，前三季度营业收入同比大幅下滑26.6%，并录得高达280.2亿元的归母净亏损，基本面持续探底 (来源: 新闻)。定量分析显示，公司的营业利润率、净利润率和EBITDA利润率分别为-13.1%、-14.5%和-3.8%，已陷入全面亏损 (来源: 定量)。同时，总资产回报率（ROA）和净资产收益率（ROE）分别为-8.1%和-51.3%，表明资产运营效率低下，股东价值正遭受严重侵蚀 (来源: 定量)。高达264天的存货周转天数（DIO）反映出在行业下行周期中，公司项目去化面临巨大困难，大量资金沉淀于存货，加剧了现金流紧张 (来源: 定量)。\n\n3.  **内在价值为负，估值面临坍塌风险：** 我们的现金流折现（DCF）模型测算得出，公司的内在价值为每股-22.74元 (来源: 定量)。这一负值结果是基于公司当前持续为负的自由现金流以及对未来几年艰难经营环境的预期，其含义是公司在可预见的未来所产生的现金流现值总和尚不足以覆盖其净债务，现有股权价值已经为负。尽管当前股价（约4.95元）仍为正，但它与我们的内在价值估算存在巨大鸿沟，这表明市场可能仍对潜在的重组方案或强力外部支持抱有预期。一旦该预期落空，股价将面临巨大的价值重估下行压力 (来源: 定性/定量)。\n\n4.  **大股东支持的边际效用与不确定性：** 尽管大股东深铁集团持续为公司提供流动性支持，包括近期股东大会通过的股东借款议案，但这被市场部分解读为万科依靠自身信用再融资的能力已基本枯竭 (来源: 新闻)。市场分析指出，万科首次寻求债券展期可能标志着大股东“输血”模式的转变，未来或将更强调市场化、法治化的债务化解路径 (来源: 新闻/定性)。因此，未来大股东支持的规模、条件以及可持续性存在不确定性，若支持力度不及预期，将直接冲击公司的最后一道防线 (来源: 定性)。\n\n### **潜在催化剂 (Catalysts)**\n\n1.  **债务重组方案成功落地，短期流动性警报解除：** 当前压制公司估值的核心因素是迫在眉睫的债务危机。若公司能与主要债权人就债务展期、降息等重组方案达成一致，特别是成功完成“22万科MTN004”等关键债务的展期，将为公司赢得宝贵的喘息时间 (来源: 新闻)。在大股东深铁集团的协调与增信支持下，一揽子化债方案的推出将是短期内最强有力的催化剂，能够显著修复市场信心，推动估值回升 (来源: 定性)。\n\n2.  **房地产行业政策超预期宽松或市场销售企稳回暖：** 公司的困境与整个房地产行业的深度调整密不可分。若后续中央或地方政府出台更强力、更有效的需求端刺激政策（如全面取消核心城市限购、大幅降低按揭贷款利率等），或推出针对优质开发商的直接流动性支持计划，可能引导市场销售出现拐点 (来源: 定性)。一旦销售回款得到实质性改善，公司的经营性现金流将得到修复，从而从根本上缓解流动性压力 (来源: 定性)。\n\n3.  **经营服务业务价值释放或资产处置超预期：** 在开发业务承压之际，万科的经营服务业务（物业、商业、租赁等）展现了较强的韧性，2025年前三季度收入实现平稳增长 (来源: 新闻)。这部分业务能提供稳定的现金流，是公司的“压舱石”。未来，如果公司能成功分拆该部分业务上市，或以较好的估值出售部分非核心商业地产、物流资产，所获资金将能直接用于偿还债务，实现资产价值重估，成为改善资产负债表的重要催化剂 (来源: 定性)。</p>\n    </section>\n\n    <section class=\"section\">\n      <h2>数据异常与提示</h2>\n        <ul>\n          <li>增长异常：['revenue changed -47.5% at 1995-06-30 00:00:00', 'revenue changed 133.3% at 1995-12-31 00:00:00', 'revenue changed -66.2% at 1996-06-30 00:00:00', 'revenue changed 131.8% at 1996-12-31 00:00:00', 'revenue changed -30.1% at 1997-06-30 00:00:00', 'revenue changed 136.7% at 1997-12-31 00:00:00', 'revenue changed -53.6% at 1998-06-30 00:00:00', 'revenue changed 148.3% at 1998-12-31 00:00:00', 'revenue changed -55.8% at 1999-06-30 00:00:00', 'revenue changed 189.2% at 1999-12-31 00:00:00', 'revenue changed -51.1% at 2000-06-30 00:00:00', 'revenue changed 169.4% at 2000-12-31 00:00:00', 'revenue changed -35.7% at 2001-06-30 00:00:00', 'revenue changed 83.1% at 2001-12-31 00:00:00', 'revenue changed -87.7% at 2002-03-31 00:00:00', 'revenue changed 173.3% at 2002-06-30 00:00:00', 'revenue changed 56.8% at 2002-09-30 00:00:00', 'revenue changed 94.3% at 2002-12-31 00:00:00', 'revenue changed -83.0% at 2003-03-31 00:00:00', 'revenue changed 180.9% at 2003-06-30 00:00:00', 'revenue changed 49.0% at 2003-09-30 00:00:00', 'revenue changed 95.4% at 2003-12-31 00:00:00', 'revenue changed -83.8% at 2004-03-31 00:00:00', 'revenue changed 139.6% at 2004-06-30 00:00:00', 'revenue changed 40.7% at 2004-09-30 00:00:00', 'revenue changed 120.6% at 2004-12-31 00:00:00', 'revenue changed -75.4% at 2005-03-31 00:00:00', 'revenue changed 129.9% at 2005-06-30 00:00:00', 'revenue changed 143.6% at 2005-12-31 00:00:00', 'revenue changed -78.2% at 2006-03-31 00:00:00', 'revenue changed 189.5% at 2006-06-30 00:00:00', 'revenue changed 110.6% at 2006-12-31 00:00:00', 'revenue changed -77.0% at 2007-03-31 00:00:00', 'revenue changed 169.7% at 2007-06-30 00:00:00', 'revenue changed 150.7% at 2007-12-31 00:00:00', 'revenue changed -82.0% at 2008-03-31 00:00:00', 'revenue changed 169.6% at 2008-06-30 00:00:00', 'revenue changed 30.6% at 2008-09-30 00:00:00', 'revenue changed 81.8% at 2008-12-31 00:00:00', 'revenue changed -80.1% at 2009-03-31 00:00:00', 'revenue changed 167.1% at 2009-06-30 00:00:00', 'revenue changed 35.5% at 2009-09-30 00:00:00', 'revenue changed 65.5% at 2009-12-31 00:00:00', 'revenue changed -84.6% at 2010-03-31 00:00:00', 'revenue changed 123.4% at 2010-06-30 00:00:00', 'revenue changed 33.5% at 2010-09-30 00:00:00', 'revenue changed 126.6% at 2010-12-31 00:00:00', 'revenue changed -84.3% at 2011-03-31 00:00:00', 'revenue changed 150.8% at 2011-06-30 00:00:00', 'revenue changed 46.6% at 2011-09-30 00:00:00', 'revenue changed 144.9% at 2011-12-31 00:00:00', 'revenue changed -85.6% at 2012-03-31 00:00:00', 'revenue changed 197.0% at 2012-06-30 00:00:00', 'revenue changed 50.1% at 2012-09-30 00:00:00', 'revenue changed 123.5% at 2012-12-31 00:00:00', 'revenue changed -86.4% at 2013-03-31 00:00:00', 'revenue changed 195.6% at 2013-06-30 00:00:00', 'revenue changed 53.2% at 2013-09-30 00:00:00', 'revenue changed 113.5% at 2013-12-31 00:00:00', 'revenue changed -93.0% at 2014-03-31 00:00:00', 'revenue changed 331.3% at 2014-06-30 00:00:00', 'revenue changed 54.1% at 2014-09-30 00:00:00', 'revenue changed 131.8% at 2014-12-31 00:00:00', 'revenue changed -93.9% at 2015-03-31 00:00:00', 'revenue changed 465.2% at 2015-06-30 00:00:00', 'revenue changed 58.3% at 2015-09-30 00:00:00', 'revenue changed 145.7% at 2015-12-31 00:00:00', 'revenue changed -92.5% at 2016-03-31 00:00:00', 'revenue changed 411.9% at 2016-06-30 00:00:00', 'revenue changed 56.5% at 2016-09-30 00:00:00', 'revenue changed 105.4% at 2016-12-31 00:00:00', 'revenue changed -92.3% at 2017-03-31 00:00:00', 'revenue changed 275.5% at 2017-06-30 00:00:00', 'revenue changed 67.7% at 2017-09-30 00:00:00', 'revenue changed 107.4% at 2017-12-31 00:00:00', 'revenue changed -87.3% at 2018-03-31 00:00:00', 'revenue changed 243.8% at 2018-06-30 00:00:00', 'revenue changed 66.1% at 2018-09-30 00:00:00', 'revenue changed 69.1% at 2018-12-31 00:00:00', 'revenue changed -83.7% at 2019-03-31 00:00:00', 'revenue changed 188.0% at 2019-06-30 00:00:00', 'revenue changed 60.7% at 2019-09-30 00:00:00', 'revenue changed 64.3% at 2019-12-31 00:00:00', 'revenue changed -87.0% at 2020-03-31 00:00:00', 'revenue changed 206.3% at 2020-06-30 00:00:00', 'revenue changed 65.0% at 2020-09-30 00:00:00', 'revenue changed 73.6% at 2020-12-31 00:00:00', 'revenue changed -85.1% at 2021-03-31 00:00:00', 'revenue changed 168.4% at 2021-06-30 00:00:00', 'revenue changed 62.5% at 2021-09-30 00:00:00', 'revenue changed 66.8% at 2021-12-31 00:00:00', 'revenue changed -86.2% at 2022-03-31 00:00:00', 'revenue changed 230.2% at 2022-06-30 00:00:00', 'revenue changed 63.2% at 2022-09-30 00:00:00', 'revenue changed 49.2% at 2022-12-31 00:00:00', 'revenue changed -86.4% at 2023-03-31 00:00:00', 'revenue changed 193.4% at 2023-06-30 00:00:00', 'revenue changed 44.5% at 2023-09-30 00:00:00', 'revenue changed 60.4% at 2023-12-31 00:00:00', 'revenue changed -86.8% at 2024-03-31 00:00:00', 'revenue changed 131.8% at 2024-06-30 00:00:00', 'revenue changed 54.0% at 2024-09-30 00:00:00', 'revenue changed 56.1% at 2024-12-31 00:00:00', 'revenue changed -88.9% at 2025-03-31 00:00:00', 'revenue changed 177.2% at 2025-06-30 00:00:00', 'revenue changed 53.2% at 2025-09-30 00:00:00', 'net_income changed -64.1% at 1995-06-30 00:00:00', 'net_income changed 164.3% at 1995-12-31 00:00:00', 'net_income changed -67.9% at 1996-06-30 00:00:00', 'net_income changed 187.6% at 1996-12-31 00:00:00', 'net_income changed -53.2% at 1997-06-30 00:00:00', 'net_income changed 179.6% at 1997-12-31 00:00:00', 'net_income changed -57.4% at 1998-06-30 00:00:00', 'net_income changed 145.7% at 1998-12-31 00:00:00', 'net_income changed -59.0% at 1999-06-30 00:00:00', 'net_income changed 177.0% at 1999-12-31 00:00:00', 'net_income changed -50.1% at 2000-06-30 00:00:00', 'net_income changed 159.5% at 2000-12-31 00:00:00', 'net_income changed -42.8% at 2001-06-30 00:00:00', 'net_income changed 114.5% at 2001-12-31 00:00:00', 'net_income changed -92.0% at 2002-03-31 00:00:00', 'net_income changed 365.3% at 2002-06-30 00:00:00', 'net_income changed 31.6% at 2002-09-30 00:00:00', 'net_income changed 112.8% at 2002-12-31 00:00:00', 'net_income changed -90.0% at 2003-03-31 00:00:00', 'net_income changed 428.1% at 2003-06-30 00:00:00', 'net_income changed 31.5% at 2003-09-30 00:00:00', 'net_income changed 105.8% at 2003-12-31 00:00:00', 'net_income changed -80.6% at 2004-03-31 00:00:00', 'net_income changed 203.2% at 2004-06-30 00:00:00', 'net_income changed 129.0% at 2004-12-31 00:00:00', 'net_income changed -72.7% at 2005-03-31 00:00:00', 'net_income changed 226.7% at 2005-06-30 00:00:00', 'net_income changed 76.3% at 2005-12-31 00:00:00', 'net_income changed -71.3% at 2006-03-31 00:00:00', 'net_income changed 210.6% at 2006-06-30 00:00:00', 'net_income changed 66.4% at 2006-12-31 00:00:00', 'net_income changed -74.6% at 2007-03-31 00:00:00', 'net_income changed 192.3% at 2007-06-30 00:00:00', 'net_income changed 154.4% at 2007-12-31 00:00:00', 'net_income changed -86.1% at 2008-03-31 00:00:00', 'net_income changed 211.0% at 2008-06-30 00:00:00', 'net_income changed 76.1% at 2008-12-31 00:00:00', 'net_income changed -80.8% at 2009-03-31 00:00:00', 'net_income changed 248.9% at 2009-06-30 00:00:00', 'net_income changed 75.2% at 2009-12-31 00:00:00', 'net_income changed -81.7% at 2010-03-31 00:00:00', 'net_income changed 168.8% at 2010-06-30 00:00:00', 'net_income changed 131.1% at 2010-12-31 00:00:00', 'net_income changed -86.5% at 2011-03-31 00:00:00', 'net_income changed 173.3% at 2011-06-30 00:00:00', 'net_income changed 182.5% at 2011-12-31 00:00:00', 'net_income changed -86.8% at 2012-03-31 00:00:00', 'net_income changed 196.3% at 2012-06-30 00:00:00', 'net_income changed 35.5% at 2012-09-30 00:00:00', 'net_income changed 154.8% at 2012-12-31 00:00:00', 'net_income changed -88.6% at 2013-03-31 00:00:00', 'net_income changed 198.2% at 2013-06-30 00:00:00', 'net_income changed 40.1% at 2013-09-30 00:00:00', 'net_income changed 144.7% at 2013-12-31 00:00:00', 'net_income changed -91.0% at 2014-03-31 00:00:00', 'net_income changed 235.2% at 2014-06-30 00:00:00', 'net_income changed 38.5% at 2014-09-30 00:00:00', 'net_income changed 153.6% at 2014-12-31 00:00:00', 'net_income changed -95.3% at 2015-03-31 00:00:00', 'net_income changed 647.7% at 2015-06-30 00:00:00', 'net_income changed 40.5% at 2015-09-30 00:00:00', 'net_income changed 172.0% at 2015-12-31 00:00:00', 'net_income changed -95.2% at 2016-03-31 00:00:00', 'net_income changed 467.7% at 2016-06-30 00:00:00', 'net_income changed 59.1% at 2016-09-30 00:00:00', 'net_income changed 151.1% at 2016-12-31 00:00:00', 'net_income changed -96.1% at 2017-03-31 00:00:00', 'net_income changed 806.4% at 2017-06-30 00:00:00', 'net_income changed 47.4% at 2017-09-30 00:00:00', 'net_income changed 151.1% at 2017-12-31 00:00:00', 'net_income changed -95.2% at 2018-03-31 00:00:00', 'net_income changed 659.9% at 2018-06-30 00:00:00', 'net_income changed 61.2% at 2018-09-30 00:00:00', 'net_income changed 126.0% at 2018-12-31 00:00:00', 'net_income changed -93.5% at 2019-03-31 00:00:00', 'net_income changed 501.6% at 2019-06-30 00:00:00', 'net_income changed 48.2% at 2019-09-30 00:00:00', 'net_income changed 92.8% at 2019-12-31 00:00:00', 'net_income changed -95.6% at 2020-03-31 00:00:00', 'net_income changed 666.5% at 2020-06-30 00:00:00', 'net_income changed 61.4% at 2020-09-30 00:00:00', 'net_income changed 97.2% at 2020-12-31 00:00:00', 'net_income changed -95.8% at 2021-03-31 00:00:00', 'net_income changed 545.1% at 2021-06-30 00:00:00', 'net_income changed 52.1% at 2021-09-30 00:00:00', 'net_income changed 54.7% at 2021-12-31 00:00:00', 'net_income changed -92.7% at 2022-03-31 00:00:00', 'net_income changed 549.5% at 2022-06-30 00:00:00', 'net_income changed 50.5% at 2022-09-30 00:00:00', 'net_income changed 37.8% at 2022-12-31 00:00:00', 'net_income changed -92.5% at 2023-03-31 00:00:00', 'net_income changed 435.3% at 2023-06-30 00:00:00', 'net_income changed 38.6% at 2023-09-30 00:00:00', 'net_income changed -98.4% at 2024-03-31 00:00:00', 'net_income changed -2672.0% at 2024-06-30 00:00:00', 'net_income changed 92.4% at 2024-09-30 00:00:00', 'net_income changed 197.0% at 2024-12-31 00:00:00', 'net_income changed -86.8% at 2025-03-31 00:00:00', 'net_income changed 69.4% at 2025-06-30 00:00:00', 'net_income changed 159.9% at 2025-09-30 00:00:00']</li>\n          <li>盈利异常：['Net margin negative (-14.5%)', 'Latest net income is negative']</li>\n        </ul>\n    </section>\n\n    <section class=\"section\">\n      <h2>复核摘要</h2>\n        <div>好的，已完成复核。以下是详细的检查结果：\n\n*   **[警告] 净利润增长率与亏损事实存在表面矛盾**\n    *   **原因**：量化结果 `growth_curve` 显示净利润同比增长率 (`net_income_yoy`) 为 **+72.2%**，这给人的第一印象是公司盈利能力大幅改善。然而，`ratios` 部分显示公司净利率 (`net_margin`) 为 **-14.5%**，每股收益 (`eps`) 为负，同时 `news_digest` 明确指出公司“前三季度净亏损高达280.2亿元”。这三者之间存在显著的表面矛盾。\n    *   **说明**：这种矛盾在数学上是可能成立的，即本期亏损额较去年同期的亏损额大幅收窄（例如，从亏损100亿收窄至亏损28亿）。但这个正向增长指标极易误导未深入分析的读者。在叙事段落（尤其是 `financial_analysis`）中必须明确解释这一“正增长”是基于去年同期更严重的亏损，并强调公司目前仍处于巨额亏损状态，而非盈利能力出现根本性好转。\n\n*   **[错误] DCF估值增长假设与公司基本面严重不符**\n    *   **原因**：`valuation` 中的DCF模型（`dcf`）采用了 **8%** 的近期增长率假设（`g` = 0.08）。这一假设与公司当前的经营状况完全背离。`growth_curve` 显示最近一年营收同比下降 **-26.6%** (`revenue_yoy`)，且 `news_digest` 反复强调公司“销售下滑”、“债务压力剧增”、“寻求债务展期”，评级被下调至“CCC-”。为一个营收剧烈萎缩、深陷流动性危机的公司设置未来5年8%的高速增长假设，缺乏任何事实依据，使得DCF估值结果（即使为负）也失去了参考意义。\n\n*   **[错误] 关键叙事段落缺失，无法完成全面复核**\n    *   **原因**：输入内容缺少了报告的核心组成部分，包括 `qual_notes` (定性要点), `company_intro` (公司介绍), `industry_analysis` (行业分析), `growth_analysis` (成长性分析), `financial_analysis` (财务分析), `valuation_analysis` (估值分析), `risk_catalyst` (风险与催化剂) 以及 `anomalies` (数据异常提示) 的具体文字内容。\n    *   **说明**：没有这些叙事段落，无法判断分析师是否对上述发现的矛盾点（如净利润增长率问题、DCF增长假设问题）进行了合理解释和论证。复核工作的核心是确保数据、定性判断和最终结论之间的逻辑一致性，而目前缺少了连接这一切的“逻辑链条”。\n\n*   **[通过] 新闻摘要来源清晰**\n    *   **原因**：`news_digest` 中的每一条新闻摘要和总结要点均清晰地标注了信息来源（如：界面新闻, AASTOCKS, 证券时报, 财新网等），符合规范。\n\n### 总结与修改建议\n\n**存在严重问题，报告无法通过。**\n\n**需要重写或补充的段落：**\n\n1.  **`valuation_analysis` (估值分析)**：必须重写。DCF模型的增长率假设需要基于现实情况进行调整，或者分析师需要提供极具说服力的理由来支撑8%的增长假设。否则，应考虑使用其他更适合困境企业的估值方法（如资产清算价值法）。\n2.  **`financial_analysis` (财务分析)**：必须补充。需要在此段落中详细解释“净利润同比增长72.2%”与“公司巨额亏损”并存的现象，避免误导。\n3.  **`growth_analysis` (成长性分析)**：必须补充。需要正面回应公司营收大幅下滑的现状，并对未来的增长前景（或萎缩前景）进行审慎、有数据支持的分析，而不是回避问题。\n4.  **所有其他缺失的叙事段落**：均需补充完整，以构建一份逻辑严密、内容完整的分析报告。</div>\n    </section>\n\n    <section class=\"section\">\n      <h2>QA 检查</h2>\n        <p>通过：<span class=\"tag ok\">是</span></p>\n        <p>缺失叙事：无</p>\n        <div class=\"qa-list\">\n          <strong>检查项：</strong>\n          <ul>\n            <li>财报数据已加载：<span class=\"tag ok\">通过</span></li>\n            <li>行情窗口可用：<span class=\"tag ok\">通过</span></li>\n            <li>财务比率已计算：<span class=\"tag ok\">通过</span></li>\n            <li>估值结果已生成：<span class=\"tag ok\">通过</span></li>\n            <li>新闻摘要可用：<span class=\"tag ok\">通过</span></li>\n            <li>定性研究可用：<span class=\"tag ok\">通过</span></li>\n            <li>叙事段落: 公司简介：<span class=\"tag ok\">通过</span></li>\n            <li>叙事段落: 行业分析：<span class=\"tag ok\">通过</span></li>\n            <li>叙事段落: 成长性：<span class=\"tag ok\">通过</span></li>\n            <li>叙事段落: 财务分析：<span class=\"tag ok\">通过</span></li>\n            <li>叙事段落: 估值解读：<span class=\"tag ok\">通过</span></li>\n            <li>风险与催化剂：<span class=\"tag ok\">通过</span></li>\n            <li>复核报告可用：<span class=\"tag ok\">通过</span></li>\n            <li>异常检测结果可用：<span class=\"tag ok\">通过</span></li>\n            <li>Markdown 报告已渲染：<span class=\"tag ok\">通过</span></li>\n            <li>新闻段落包含来源格式：<span class=\"tag ok\">通过</span></li>\n            <li>定性要点包含来源格式：<span class=\"tag ok\">通过</span></li>\n          </ul>\n        </div>\n        <div class=\"qa-list\">\n          <strong>重写建议：</strong>\n            <p>无</p>\n        </div>\n    </section>\n\n    <section class=\"section charts\">\n      <h2>Charts</h2>\n      <ul>\n        <li><img src=\"/mnt/d/Work/A Stock Agent/CodexEnv/reports/charts/000002.SZ_price.png\" alt=\"Price Trend\" /><div style=\"color:var(--muted); margin-top:4px;\">Price Trend</div></li>\n        <li><img src=\"/mnt/d/Work/A Stock Agent/CodexEnv/reports/charts/000002.SZ_revenue_netincome.png\" alt=\"Revenue/Net Income Trend\" /><div style=\"color:var(--muted); margin-top:4px;\">Revenue/Net Income Trend</div></li>\n      </ul>\n    </section>\n  </main>\n</body>\n</html>",
  "rewrite_requests": [],
  "qa_warnings": [
    "Warning: 内在价值为负但现价为正（常见于高风险/重组预期场景），请人工复核估值假设"
  ],
  "qa_report": {
    "passed": true,
    "checks": [
      {
        "key": "financials",
        "label": "财报数据已加载",
        "status": "ok"
      },
      {
        "key": "price_history",
        "label": "行情窗口可用",
        "status": "ok"
      },
      {
        "key": "ratios",
        "label": "财务比率已计算",
        "status": "ok"
      },
      {
        "key": "valuation",
        "label": "估值结果已生成",
        "status": "ok"
      },
      {
        "key": "news_digest",
        "label": "新闻摘要可用",
        "status": "ok"
      },
      {
        "key": "qual_notes",
        "label": "定性研究可用",
        "status": "ok"
      },
      {
        "key": "company_intro",
        "label": "叙事段落: 公司简介",
        "status": "ok"
      },
      {
        "key": "industry_analysis",
        "label": "叙事段落: 行业分析",
        "status": "ok"
      },
      {
        "key": "growth_analysis",
        "label": "叙事段落: 成长性",
        "status": "ok"
      },
      {
        "key": "financial_analysis",
        "label": "叙事段落: 财务分析",
        "status": "ok"
      },
      {
        "key": "valuation_analysis",
        "label": "叙事段落: 估值解读",
        "status": "ok"
      },
      {
        "key": "risk_catalyst",
        "label": "风险与催化剂",
        "status": "ok"
      },
      {
        "key": "review_report",
        "label": "复核报告可用",
        "status": "ok"
      },
      {
        "key": "anomalies",
        "label": "异常检测结果可用",
        "status": "ok"
      },
      {
        "key": "markdown_report",
        "label": "Markdown 报告已渲染",
        "status": "ok"
      },
      {
        "key": "citations_news",
        "label": "新闻段落包含来源格式",
        "status": "ok"
      },
      {
        "key": "citations_qual",
        "label": "定性要点包含来源格式",
        "status": "ok"
      }
    ],
    "missing_narratives": [],
    "rewrite_requests": [],
    "warnings": [
      "Warning: 内在价值为负但现价为正（常见于高风险/重组预期场景），请人工复核估值假设"
    ]
  }
}