{
  "ticker": "601919.SH",
  "company_name": "COSCO SHIPPING Holdings",
  "report_date": "2025-12-05",
  "logs": [
    "DataLoadAgent -> lookup financial statements",
    "No cached data found; fallback to TuShare API.",
    "Fetched and cached 1941 statement rows from TuShare at 2025-12-05T05:53:48.084097+00:00",
    "PriceEnrichAgent -> fetch recent price/volume window",
    "PriceEnrichAgent -> cached 80 price rows from TuShare",
    "QuantMetricsAgent -> compute growth and ratios",
    "NewsSentimentAgent -> fetch and summarize latest public news (MapReduce)",
    "ValuationAgent -> execute DCF and peer comparisons",
    "NarrativeAgent -> generate structured sections via Gemini",
    "RiskCatalystAgent -> request qualitative analysis from Gemini",
    "ReviewerAgent -> cross-check narratives vs data",
    "ChartBuilder -> saved chart to /mnt/d/Work/A Stock Agent/CodexEnv/reports/charts/601919.SH_price.png",
    "ChartBuilder -> saved chart to /mnt/d/Work/A Stock Agent/CodexEnv/reports/charts/601919.SH_revenue_netincome.png",
    "WritingAgent -> render Markdown output",
    "QAAgent -> verify mandatory sections before exit",
    "PostRun -> re-rendering Markdown to include QA/Review summaries",
    "WritingAgent -> render Markdown output"
  ],
  "errors": [],
  "extras": {
    "tushare_raw": {
      "income": [
        {
          "ts_code": "601919.SH",
          "ann_date": "20251031",
          "f_ann_date": "20251031",
          "end_date": "20250930",
          "report_type": "1",
          "comp_type": "1",
          "end_type": "3",
          "basic_eps": 1.74,
          "diluted_eps": 1.74,
          "total_revenue": 167598747676.26,
          "revenue": 167598747676.26,
          "int_income": null,
          "prem_earned": null,
          "comm_income": null,
          "n_commis_income": null,
          "n_oth_income": null,
          "n_oth_b_income": null,
          "prem_income": null,
          "out_prem": null,
          "une_prem_reser": null,
          "reins_income": null,
          "n_sec_tb_income": null,
          "n_sec_uw_income": null,
          "n_asset_mg_income": null,
          "oth_b_income": null,
          "fv_value_chg_gain": 36805084.74,
          "invest_income": 4431179467.72,
          "ass_invest_income": 4228137824.47,
          "forex_gain": null,
          "total_cogs": 136266918145.7,
          "oper_cost": 130768472124.6,
          "int_exp": null,
          "comm_exp": null,
          "biz_tax_surchg": 1002890307.93,
          "sell_exp": 593394371.04,
          "admin_exp": 5587771351.05,
          "fin_exp": -2492730291.6,
          "assets_impair_loss": -2500863.87,
          "prem_refund": null,
          "compens_payout": null,
          "reser_insur_liab": null,
          "div_payt": null,
          "reins_exp": null,
          "oper_exp": null,
          "compens_payout_refu": null,
          "insur_reser_refu": null,
          "reins_cost_refund": null,
          "other_bus_cost": null,
          "operate_profit": 36917049088.46,
          "non_oper_income": 9299455.35,
          "non_oper_exp": 31730836.74,
          "nca_disploss": NaN,
          "total_profit": 36894617707.07,
          "income_tax": 6108309085.11,
          "n_income": 30786308621.96,
          "n_income_attr_p": 27069589917.56,
          "minority_gain": 3716718704.4,
          "oth_compr_income": -814984748.96,
          "t_compr_income": 29971323873.0,
          "compr_inc_attr_p": 26356985605.95,
          "compr_inc_attr_m_s": 3614338267.05,
          "ebit": 29856973645.46,
          "ebitda": NaN,
          "insurance_exp": null,
          "undist_profit": null,
          "distable_profit": null,
          "rd_exp": 796892074.91,
          "fin_exp_int_exp": 2269723234.17,
          "fin_exp_int_inc": 4271077518.25,
          "transfer_surplus_rese": null,
          "transfer_housing_imprest": null,
          "transfer_oth": null,
          "adj_lossgain": null,
          "withdra_legal_surplus": null,
          "withdra_legal_pubfund": null,
          "withdra_biz_devfund": null,
          "withdra_rese_fund": null,
          "withdra_oth_ersu": null,
          "workers_welfare": null,
          "distr_profit_shrhder": null,
          "prfshare_payable_dvd": null,
          "comshare_payable_dvd": null,
          "capit_comstock_div": null,
          "continued_net_profit": 30786308621.96,
          "update_flag": "1"
        },
        {
          "ts_code": "601919.SH",
          "ann_date": "20250829",
          "f_ann_date": "20250829",
          "end_date": "20250630",
          "report_type": "1",
          "comp_type": "1",
          "end_type": "2",
          "basic_eps": 1.12,
          "diluted_eps": 1.12,
          "total_revenue": 109099344307.3,
          "revenue": 109099344307.3,
          "int_income": null,
          "prem_earned": null,
          "comm_income": null,
          "n_commis_income": null,
          "n_oth_income": null,
          "n_oth_b_income": null,
          "prem_income": null,
          "out_prem": null,
          "une_prem_reser": null,
          "reins_income": null,
          "n_sec_tb_income": null,
          "n_sec_uw_income": null,
          "n_asset_mg_income": null,
          "oth_b_income": null,
          "fv_value_chg_gain": 28642136.09,
          "invest_income": 3016505311.98,
          "ass_invest_income": 2840680458.19,
          "forex_gain": null,
          "total_cogs": 89108235481.92,
          "oper_cost": 86031485662.08,
          "int_exp": null,
          "comm_exp": null,
          "biz_tax_surchg": 638899686.27,
          "sell_exp": 403786392.22,
          "admin_exp": 3635681150.08,
          "fin_exp": -2097790748.28,
          "assets_impair_loss": -1838608.05,
          "prem_refund": null,
          "compens_payout": null,
          "reser_insur_liab": null,
          "div_payt": null,
          "reins_exp": null,
          "oper_exp": null,
          "compens_payout_refu": null,
          "insur_reser_refu": null,
          "reins_cost_refund": null,
          "other_bus_cost": null,
          "operate_profit": 24026519802.67,
          "non_oper_income": 4622983.86,
          "non_oper_exp": 27329832.43,
          "nca_disploss": NaN,
          "total_profit": 24003812954.1,
          "income_tax": 3795822735.02,
          "n_income": 20207990219.08,
          "n_income_attr_p": 17536092241.0,
          "minority_gain": 2671897978.08,
          "oth_compr_income": 120009676.13,
          "t_compr_income": 20327999895.21,
          "compr_inc_attr_p": 17497438600.13,
          "compr_inc_attr_m_s": 2830561295.08,
          "ebit": NaN,
          "ebitda": NaN,
          "insurance_exp": null,
          "undist_profit": null,
          "distable_profit": null,
          "rd_exp": 504590630.37,
          "fin_exp_int_exp": 1490649274.31,
          "fin_exp_int_inc": 3009275907.05,
          "transfer_surplus_rese": null,
          "transfer_housing_imprest": null,
          "transfer_oth": null,
          "adj_lossgain": null,
          "withdra_legal_surplus": null,
          "withdra_legal_pubfund": null,
          "withdra_biz_devfund": null,
          "withdra_rese_fund": null,
          "withdra_oth_ersu": null,
          "workers_welfare": null,
          "distr_profit_shrhder": null,
          "prfshare_payable_dvd": null,
          "comshare_payable_dvd": null,
          "capit_comstock_div": null,
          "continued_net_profit": 20207990219.08,
          "update_flag": "0"
        },
        {
          "ts_code": "601919.SH",
          "ann_date": "20250829",
          "f_ann_date": "20250829",
          "end_date": "20250630",
          "report_type": "1",
          "comp_type": "1",
          "end_type": "2",
          "basic_eps": 1.12,
          "diluted_eps": 1.12,
          "total_revenue": 109099344307.3,
          "revenue": 109099344307.3,
          "int_income": null,
          "prem_earned": null,
          "comm_income": null,
          "n_commis_income": null,
          "n_oth_income": null,
          "n_oth_b_income": null,
          "prem_income": null,
          "out_prem": null,
          "une_prem_reser": null,
          "reins_income": null,
          "n_sec_tb_income": null,
          "n_sec_uw_income": null,
          "n_asset_mg_income": null,
          "oth_b_income": null,
          "fv_value_chg_gain": 28642136.09,
          "invest_income": 3016505311.98,
          "ass_invest_income": 2840680458.19,
          "forex_gain": null,
          "total_cogs": 89108235481.92,
          "oper_cost": 86031485662.08,
          "int_exp": null,
          "comm_exp": null,
          "biz_tax_surchg": 638899686.27,
          "sell_exp": 403786392.22,
          "admin_exp": 3635681150.08,
          "fin_exp": -2097790748.28,
          "assets_impair_loss": -1838608.05,
          "prem_refund": null,
          "compens_payout": null,
          "reser_insur_liab": null,
          "div_payt": null,
          "reins_exp": null,
          "oper_exp": null,
          "compens_payout_refu": null,
          "insur_reser_refu": null,
          "reins_cost_refund": null,
          "other_bus_cost": null,
          "operate_profit": 24026519802.67,
          "non_oper_income": 4622983.86,
          "non_oper_exp": 27329832.43,
          "nca_disploss": NaN,
          "total_profit": 24003812954.1,
          "income_tax": 3795822735.02,
          "n_income": 20207990219.08,
          "n_income_attr_p": 17536092241.0,
          "minority_gain": 2671897978.08,
          "oth_compr_income": 120009676.13,
          "t_compr_income": 20327999895.21,
          "compr_inc_attr_p": 17497438600.13,
          "compr_inc_attr_m_s": 2830561295.08,
          "ebit": 18800699192.49,
          "ebitda": 28799063773.43,
          "insurance_exp": null,
          "undist_profit": null,
          "distable_profit": null,
          "rd_exp": 504590630.37,
          "fin_exp_int_exp": 1490649274.31,
          "fin_exp_int_inc": 3009275907.05,
          "transfer_surplus_rese": null,
          "transfer_housing_imprest": null,
          "transfer_oth": null,
          "adj_lossgain": null,
          "withdra_legal_surplus": null,
          "withdra_legal_pubfund": null,
          "withdra_biz_devfund": null,
          "withdra_rese_fund": null,
          "withdra_oth_ersu": null,
          "workers_welfare": null,
          "distr_profit_shrhder": null,
          "prfshare_payable_dvd": null,
          "comshare_payable_dvd": null,
          "capit_comstock_div": null,
          "continued_net_profit": 20207990219.08,
          "update_flag": "1"
        }
      ],
      "balance": [
        {
          "ts_code": "601919.SH",
          "ann_date": "20251031",
          "f_ann_date": "20251031",
          "end_date": "20250930",
          "report_type": "1",
          "comp_type": "1",
          "end_type": "3",
          "total_share": 15489754739.0,
          "cap_rese": 26775175910.45,
          "undistr_porfit": 171894365553.0,
          "surplus_rese": 14007241390.02,
          "special_rese": NaN,
          "money_cap": 171418757310.57,
          "trad_asset": 83523686.56,
          "notes_receiv": 97362990.27,
          "accounts_receiv": 9916151366.41,
          "oth_receiv": NaN,
          "prepayment": 1627417283.55,
          "div_receiv": 512319668.06,
          "int_receiv": NaN,
          "inventories": 6506999833.79,
          "amor_exp": null,
          "nca_within_1y": 99478879.49,
          "sett_rsrv": null,
          "loanto_oth_bank_fi": null,
          "premium_receiv": null,
          "reinsur_receiv": null,
          "reinsur_res_receiv": null,
          "pur_resale_fa": null,
          "oth_cur_assets": 1531688219.51,
          "total_cur_assets": 195485019503.05,
          "fa_avail_for_sale": NaN,
          "htm_invest": NaN,
          "lt_eqt_invest": 76678875064.64,
          "invest_real_estate": 3305302099.48,
          "time_deposits": null,
          "oth_assets": null,
          "lt_rec": 931411052.38,
          "fix_assets": NaN,
          "cip": 17589731789.37,
          "const_materials": NaN,
          "fixed_assets_disp": NaN,
          "produc_bio_assets": null,
          "oil_and_gas_assets": null,
          "intan_assets": 7646937308.32,
          "r_and_d": NaN,
          "goodwill": 6427816818.04,
          "lt_amor_exp": 599523988.38,
          "defer_tax_assets": 1169431612.28,
          "decr_in_disbur": null,
          "oth_nca": 291158201.41,
          "total_nca": 304547759710.6,
          "cash_reser_cb": null,
          "depos_in_oth_bfi": null,
          "prec_metals": null,
          "deriv_assets": NaN,
          "rr_reins_une_prem": null,
          "rr_reins_outstd_cla": null,
          "rr_reins_lins_liab": null,
          "rr_reins_lthins_liab": null,
          "refund_depos": null,
          "ph_pledge_loans": null,
          "refund_cap_depos": null,
          "indep_acct_assets": null,
          "client_depos": null,
          "client_prov": null,
          "transac_seat_fee": null,
          "invest_as_receiv": null,
          "total_assets": 500032779213.65,
          "lt_borr": 28328840662.93,
          "st_borr": 2092042416.02,
          "cb_borr": null,
          "depos_ib_deposits": null,
          "loan_oth_bank": null,
          "trading_fl": NaN,
          "notes_payable": NaN,
          "acct_payable": 82259265537.12,
          "adv_receipts": 84030279.38,
          "sold_for_repur_fa": null,
          "comm_payable": null,
          "payroll_payable": 6089791931.01,
          "taxes_payable": 3419363768.37,
          "int_payable": NaN,
          "div_payable": 9860031388.25,
          "oth_payable": NaN,
          "acc_exp": null,
          "deferred_inc": null,
          "st_bonds_payable": null,
          "payable_to_reinsurer": null,
          "rsrv_insur_cont": null,
          "acting_trading_sec": null,
          "acting_uw_sec": null,
          "non_cur_liab_due_1y": 14487527396.51,
          "oth_cur_liab": 1838275240.33,
          "total_cur_liab": 129960881754.47,
          "bond_payable": NaN,
          "lt_payable": NaN,
          "specific_payables": NaN,
          "estimated_liab": 6429429235.56,
          "defer_tax_liab": 20446085133.72,
          "defer_inc_non_cur_liab": 429988985.31,
          "oth_ncl": NaN,
          "total_ncl": 87370150337.0,
          "depos_oth_bfi": null,
          "deriv_liab": NaN,
          "depos": null,
          "agency_bus_liab": null,
          "oth_liab": null,
          "prem_receiv_adva": null,
          "depos_received": null,
          "ph_invest": null,
          "reser_une_prem": null,
          "reser_outstd_claims": null,
          "reser_lins_liab": null,
          "reser_lthins_liab": null,
          "indept_acc_liab": null,
          "pledge_borr": null,
          "indem_payable": null,
          "policy_div_payable": null,
          "total_liab": 217331032091.47,
          "treasury_share": NaN,
          "ordin_risk_reser": null,
          "forex_differ": NaN,
          "invest_loss_unconf": null,
          "minority_int": 50462172470.91,
          "total_hldr_eqy_exc_min_int": 232239574651.27,
          "total_hldr_eqy_inc_min_int": 282701747122.18,
          "total_liab_hldr_eqy": 500032779213.65,
          "lt_payroll_payable": 403124353.99,
          "oth_comp_income": 4073037058.8,
          "oth_eqt_tools": null,
          "oth_eqt_tools_p_shr": null,
          "lending_funds": null,
          "acc_receivable": null,
          "st_fin_payable": null,
          "payables": null,
          "hfs_assets": NaN,
          "hfs_sales": NaN,
          "cost_fin_assets": null,
          "fair_value_fin_assets": NaN,
          "contract_assets": 349980516.7,
          "contract_liab": 535978104.18,
          "accounts_receiv_bill": 10013514356.68,
          "accounts_pay": 82259265537.12,
          "oth_rcv_total": 3853659416.2,
          "fix_assets_total": 143110345016.66,
          "cip_total": 17589731789.37,
          "oth_pay_total": 19154607081.55,
          "long_pay_total": 410778535.15,
          "debt_invest": 247608085.31,
          "oth_debt_invest": null,
          "update_flag": "0"
        },
        {
          "ts_code": "601919.SH",
          "ann_date": "20250829",
          "f_ann_date": "20250829",
          "end_date": "20250630",
          "report_type": "1",
          "comp_type": "1",
          "end_type": "2",
          "total_share": 15489754739.0,
          "cap_rese": 26773872502.35,
          "undistr_porfit": 171044637491.25,
          "surplus_rese": 14007241390.02,
          "special_rese": NaN,
          "money_cap": 170633950682.23,
          "trad_asset": 75962137.73,
          "notes_receiv": 122484253.07,
          "accounts_receiv": 10221736950.64,
          "oth_receiv": 3197686648.12,
          "prepayment": 1382025113.13,
          "div_receiv": 1097597049.65,
          "int_receiv": 0.0,
          "inventories": 6525205771.45,
          "amor_exp": null,
          "nca_within_1y": 136455141.12,
          "sett_rsrv": null,
          "loanto_oth_bank_fi": null,
          "premium_receiv": null,
          "reinsur_receiv": null,
          "reinsur_res_receiv": null,
          "pur_resale_fa": null,
          "oth_cur_assets": 1765668872.43,
          "total_cur_assets": 195364816118.23,
          "fa_avail_for_sale": NaN,
          "htm_invest": NaN,
          "lt_eqt_invest": 75003955384.33,
          "invest_real_estate": 3331638089.1,
          "time_deposits": null,
          "oth_assets": null,
          "lt_rec": 938931083.22,
          "fix_assets": 140304239397.19,
          "cip": 19048721673.58,
          "const_materials": NaN,
          "fixed_assets_disp": NaN,
          "produc_bio_assets": null,
          "oil_and_gas_assets": null,
          "intan_assets": 7735660698.28,
          "r_and_d": NaN,
          "goodwill": 6475051418.58,
          "lt_amor_exp": 560190175.82,
          "defer_tax_assets": 1199076920.11,
          "decr_in_disbur": null,
          "oth_nca": 275256484.54,
          "total_nca": 303132241902.94,
          "cash_reser_cb": null,
          "depos_in_oth_bfi": null,
          "prec_metals": null,
          "deriv_assets": NaN,
          "rr_reins_une_prem": null,
          "rr_reins_outstd_cla": null,
          "rr_reins_lins_liab": null,
          "rr_reins_lthins_liab": null,
          "refund_depos": null,
          "ph_pledge_loans": null,
          "refund_cap_depos": null,
          "indep_acct_assets": null,
          "client_depos": null,
          "client_prov": null,
          "transac_seat_fee": null,
          "invest_as_receiv": null,
          "total_assets": 498497058021.17,
          "lt_borr": 29894206830.45,
          "st_borr": 2402928954.44,
          "cb_borr": null,
          "depos_ib_deposits": null,
          "loan_oth_bank": null,
          "trading_fl": NaN,
          "notes_payable": 2591402.15,
          "acct_payable": 85796532400.59,
          "adv_receipts": 69673575.26,
          "sold_for_repur_fa": null,
          "comm_payable": null,
          "payroll_payable": 6587157526.97,
          "taxes_payable": 2327790709.69,
          "int_payable": 0.0,
          "div_payable": 64945941.25,
          "oth_payable": 12042046085.19,
          "acc_exp": null,
          "deferred_inc": null,
          "st_bonds_payable": null,
          "payable_to_reinsurer": null,
          "rsrv_insur_cont": null,
          "acting_trading_sec": null,
          "acting_uw_sec": null,
          "non_cur_liab_due_1y": 13801448609.66,
          "oth_cur_liab": 1838735482.06,
          "total_cur_liab": 125442171963.62,
          "bond_payable": NaN,
          "lt_payable": 414095273.19,
          "specific_payables": 0.0,
          "estimated_liab": 6477045582.61,
          "defer_tax_liab": 20057852120.75,
          "defer_inc_non_cur_liab": 428472752.37,
          "oth_ncl": NaN,
          "total_ncl": 90161258570.88,
          "depos_oth_bfi": null,
          "deriv_liab": NaN,
          "depos": null,
          "agency_bus_liab": null,
          "oth_liab": null,
          "prem_receiv_adva": null,
          "depos_received": null,
          "ph_invest": null,
          "reser_une_prem": null,
          "reser_outstd_claims": null,
          "reser_lins_liab": null,
          "reser_lthins_liab": null,
          "indept_acc_liab": null,
          "pledge_borr": null,
          "indem_payable": null,
          "policy_div_payable": null,
          "total_liab": 215603430534.5,
          "treasury_share": NaN,
          "ordin_risk_reser": null,
          "forex_differ": NaN,
          "invest_loss_unconf": null,
          "minority_int": 50831133634.51,
          "total_hldr_eqy_exc_min_int": 232062493852.16,
          "total_hldr_eqy_inc_min_int": 282893627486.67,
          "total_liab_hldr_eqy": 498497058021.17,
          "lt_payroll_payable": 387572738.2,
          "oth_comp_income": 4746987729.54,
          "oth_eqt_tools": null,
          "oth_eqt_tools_p_shr": null,
          "lending_funds": null,
          "acc_receivable": null,
          "st_fin_payable": null,
          "payables": null,
          "hfs_assets": NaN,
          "hfs_sales": NaN,
          "cost_fin_assets": null,
          "fair_value_fin_assets": NaN,
          "contract_assets": 206043498.66,
          "contract_liab": 508321276.36,
          "accounts_receiv_bill": 10344221203.71,
          "accounts_pay": 85799123802.74,
          "oth_rcv_total": 4295283697.77,
          "fix_assets_total": 140304239397.19,
          "cip_total": 19048721673.58,
          "oth_pay_total": 12106992026.44,
          "long_pay_total": 414095273.19,
          "debt_invest": 249493777.79,
          "oth_debt_invest": null,
          "update_flag": "0"
        },
        {
          "ts_code": "601919.SH",
          "ann_date": "20250430",
          "f_ann_date": "20250430",
          "end_date": "20250331",
          "report_type": "1",
          "comp_type": "1",
          "end_type": "1",
          "total_share": 15961686166.0,
          "cap_rese": 31985563946.36,
          "undistr_porfit": 181167085969.6,
          "surplus_rese": 14007241390.02,
          "special_rese": NaN,
          "money_cap": 187910767671.26,
          "trad_asset": 73427264.33,
          "notes_receiv": 157539380.21,
          "accounts_receiv": 10290229914.88,
          "oth_receiv": NaN,
          "prepayment": 1220095384.1,
          "div_receiv": 114878679.98,
          "int_receiv": NaN,
          "inventories": 6571491362.0,
          "amor_exp": null,
          "nca_within_1y": 135164565.57,
          "sett_rsrv": null,
          "loanto_oth_bank_fi": null,
          "premium_receiv": null,
          "reinsur_receiv": null,
          "reinsur_res_receiv": null,
          "pur_resale_fa": null,
          "oth_cur_assets": 1243423208.14,
          "total_cur_assets": 210912000974.69,
          "fa_avail_for_sale": NaN,
          "htm_invest": NaN,
          "lt_eqt_invest": 74664349411.66,
          "invest_real_estate": 3351768250.04,
          "time_deposits": null,
          "oth_assets": null,
          "lt_rec": 871190681.78,
          "fix_assets": NaN,
          "cip": 26054288818.71,
          "const_materials": NaN,
          "fixed_assets_disp": NaN,
          "produc_bio_assets": null,
          "oil_and_gas_assets": null,
          "intan_assets": 7358120774.96,
          "r_and_d": NaN,
          "goodwill": 6422872535.63,
          "lt_amor_exp": 521941771.47,
          "defer_tax_assets": 1088314635.94,
          "decr_in_disbur": null,
          "oth_nca": 666264019.53,
          "total_nca": 298701941615.35,
          "cash_reser_cb": null,
          "depos_in_oth_bfi": null,
          "prec_metals": null,
          "deriv_assets": NaN,
          "rr_reins_une_prem": null,
          "rr_reins_outstd_cla": null,
          "rr_reins_lins_liab": null,
          "rr_reins_lthins_liab": null,
          "refund_depos": null,
          "ph_pledge_loans": null,
          "refund_cap_depos": null,
          "indep_acct_assets": null,
          "client_depos": null,
          "client_prov": null,
          "transac_seat_fee": null,
          "invest_as_receiv": null,
          "total_assets": 509613942590.04,
          "lt_borr": 30112692221.14,
          "st_borr": 2446322232.15,
          "cb_borr": null,
          "depos_ib_deposits": null,
          "loan_oth_bank": null,
          "trading_fl": NaN,
          "notes_payable": 48432751.28,
          "acct_payable": 85598222401.9,
          "adv_receipts": 91442096.38,
          "sold_for_repur_fa": null,
          "comm_payable": null,
          "payroll_payable": 6005420849.71,
          "taxes_payable": 4013796120.97,
          "int_payable": NaN,
          "div_payable": 237439086.31,
          "oth_payable": NaN,
          "acc_exp": null,
          "deferred_inc": null,
          "st_bonds_payable": null,
          "payable_to_reinsurer": null,
          "rsrv_insur_cont": null,
          "acting_trading_sec": null,
          "acting_uw_sec": null,
          "non_cur_liab_due_1y": 13319199404.58,
          "oth_cur_liab": 1830562139.81,
          "total_cur_liab": 123100488214.09,
          "bond_payable": NaN,
          "lt_payable": NaN,
          "specific_payables": NaN,
          "estimated_liab": 6492471823.45,
          "defer_tax_liab": 19773510196.2,
          "defer_inc_non_cur_liab": 371381739.52,
          "oth_ncl": 1088880.68,
          "total_ncl": 90773437239.67,
          "depos_oth_bfi": null,
          "deriv_liab": NaN,
          "depos": null,
          "agency_bus_liab": null,
          "oth_liab": null,
          "prem_receiv_adva": null,
          "depos_received": null,
          "ph_invest": null,
          "reser_une_prem": null,
          "reser_outstd_claims": null,
          "reser_lins_liab": null,
          "reser_lthins_liab": null,
          "indept_acc_liab": null,
          "pledge_borr": null,
          "indem_payable": null,
          "policy_div_payable": null,
          "total_liab": 213873925453.76,
          "treasury_share": 3784596116.16,
          "ordin_risk_reser": null,
          "forex_differ": NaN,
          "invest_loss_unconf": null,
          "minority_int": 51605624186.23,
          "total_hldr_eqy_exc_min_int": 244134392950.05,
          "total_hldr_eqy_inc_min_int": 295740017136.28,
          "total_liab_hldr_eqy": 509613942590.04,
          "lt_payroll_payable": 386352997.26,
          "oth_comp_income": 4797411594.23,
          "oth_eqt_tools": null,
          "oth_eqt_tools_p_shr": null,
          "lending_funds": null,
          "acc_receivable": null,
          "st_fin_payable": null,
          "payables": null,
          "hfs_assets": NaN,
          "hfs_sales": NaN,
          "cost_fin_assets": null,
          "fair_value_fin_assets": NaN,
          "contract_assets": 264594421.14,
          "contract_liab": 474853702.37,
          "accounts_receiv_bill": 10447769295.09,
          "accounts_pay": 85646655153.18,
          "oth_rcv_total": 3045267803.06,
          "fix_assets_total": 128154948634.22,
          "cip_total": 26054288818.71,
          "oth_pay_total": 9272236514.94,
          "long_pay_total": 384219948.11,
          "debt_invest": 250211891.45,
          "oth_debt_invest": null,
          "update_flag": "0"
        }
      ],
      "cashflow": [
        {
          "ts_code": "601919.SH",
          "ann_date": "20251031",
          "f_ann_date": "20251031",
          "end_date": "20250930",
          "comp_type": "1",
          "report_type": "1",
          "end_type": "3",
          "net_profit": NaN,
          "finan_exp": NaN,
          "c_fr_sale_sg": 165759935159.56,
          "recp_tax_rends": 1843798514.37,
          "n_depos_incr_fi": null,
          "n_incr_loans_cb": null,
          "n_inc_borr_oth_fi": null,
          "prem_fr_orig_contr": null,
          "n_incr_insured_dep": null,
          "n_reinsur_prem": null,
          "n_incr_disp_tfa": null,
          "ifc_cash_incr": null,
          "n_incr_disp_faas": null,
          "n_incr_loans_oth_bank": null,
          "n_cap_incr_repur": null,
          "c_fr_oth_operate_a": 7944608825.31,
          "c_inf_fr_operate_a": 175548342499.24,
          "c_paid_goods_s": 112565674831.19,
          "c_paid_to_for_empl": 11160668969.43,
          "c_paid_for_taxes": 8162474828.53,
          "n_incr_clt_loan_adv": null,
          "n_incr_dep_cbob": null,
          "c_pay_claims_orig_inco": null,
          "pay_handling_chrg": null,
          "pay_comm_insur_plcy": null,
          "oth_cash_pay_oper_act": 3677692135.82,
          "st_cash_out_act": 135566510764.97,
          "n_cashflow_act": 39981831734.27,
          "oth_recp_ral_inv_act": 45513.64,
          "c_disp_withdrwl_invest": 35966500.0,
          "c_recp_return_invest": 2439779577.33,
          "n_recp_disp_fiolta": 247010946.61,
          "n_recp_disp_sobu": NaN,
          "stot_inflows_inv_act": 2722802537.58,
          "c_pay_acq_const_fiolta": 17017949162.56,
          "c_paid_invest": 3163714289.1,
          "n_disp_subs_oth_biz": NaN,
          "oth_pay_ral_inv_act": 10961.09,
          "n_incr_pledge_loan": NaN,
          "stot_out_inv_act": 20181674412.75,
          "n_cashflow_inv_act": -17458871875.17,
          "c_recp_borrow": 2682178979.4,
          "proc_issue_bonds": NaN,
          "oth_cash_recp_ral_fnc_act": 95381354.7,
          "stot_cash_in_fnc_act": 2831659500.67,
          "free_cashflow": -792965611.7307,
          "c_prepay_amt_borr": 3672667292.93,
          "c_pay_dist_dpcp_int_exp": 19505860393.18,
          "incl_dvd_profit_paid_sc_ms": 2401418791.37,
          "oth_cashpay_ral_fnc_act": 15091853709.19,
          "stot_cashout_fnc_act": 38270381395.3,
          "n_cash_flows_fnc_act": -35438721894.63,
          "eff_fx_flu_cash": -713514816.41,
          "n_incr_cash_cash_equ": -13629276851.94,
          "c_cash_equ_beg_period": 184189078030.04,
          "c_cash_equ_end_period": 170559801178.1,
          "c_recp_cap_contrib": 54099166.57,
          "incl_cash_rec_saims": 52793063.57,
          "uncon_invest_loss": NaN,
          "prov_depr_assets": NaN,
          "depr_fa_coga_dpba": NaN,
          "amort_intang_assets": NaN,
          "lt_amort_deferred_exp": NaN,
          "decr_deferred_exp": NaN,
          "incr_acc_exp": NaN,
          "loss_disp_fiolta": NaN,
          "loss_scr_fa": NaN,
          "loss_fv_chg": NaN,
          "invest_loss": NaN,
          "decr_def_inc_tax_assets": NaN,
          "incr_def_inc_tax_liab": NaN,
          "decr_inventories": NaN,
          "decr_oper_payable": NaN,
          "incr_oper_payable": NaN,
          "others": NaN,
          "im_net_cashflow_oper_act": NaN,
          "conv_debt_into_cap": null,
          "conv_copbonds_due_within_1y": null,
          "fa_fnc_leases": null,
          "im_n_incr_cash_equ": NaN,
          "net_dism_capital_add": null,
          "net_cash_rece_sec": null,
          "credit_impa_loss": NaN,
          "use_right_asset_dep": NaN,
          "oth_loss_asset": null,
          "end_bal_cash": NaN,
          "beg_bal_cash": NaN,
          "end_bal_cash_equ": NaN,
          "beg_bal_cash_equ": NaN,
          "update_flag": "1"
        },
        {
          "ts_code": "601919.SH",
          "ann_date": "20251031",
          "f_ann_date": "20251031",
          "end_date": "20250930",
          "comp_type": "1",
          "report_type": "1",
          "end_type": "3",
          "net_profit": NaN,
          "finan_exp": NaN,
          "c_fr_sale_sg": 165759935159.56,
          "recp_tax_rends": 1843798514.37,
          "n_depos_incr_fi": null,
          "n_incr_loans_cb": null,
          "n_inc_borr_oth_fi": null,
          "prem_fr_orig_contr": null,
          "n_incr_insured_dep": null,
          "n_reinsur_prem": null,
          "n_incr_disp_tfa": null,
          "ifc_cash_incr": null,
          "n_incr_disp_faas": null,
          "n_incr_loans_oth_bank": null,
          "n_cap_incr_repur": null,
          "c_fr_oth_operate_a": 7944608825.31,
          "c_inf_fr_operate_a": 175548342499.24,
          "c_paid_goods_s": 112565674831.19,
          "c_paid_to_for_empl": 11160668969.43,
          "c_paid_for_taxes": 8162474828.53,
          "n_incr_clt_loan_adv": null,
          "n_incr_dep_cbob": null,
          "c_pay_claims_orig_inco": null,
          "pay_handling_chrg": null,
          "pay_comm_insur_plcy": null,
          "oth_cash_pay_oper_act": 3677692135.82,
          "st_cash_out_act": 135566510764.97,
          "n_cashflow_act": 39981831734.27,
          "oth_recp_ral_inv_act": 45513.64,
          "c_disp_withdrwl_invest": 35966500.0,
          "c_recp_return_invest": 2439779577.33,
          "n_recp_disp_fiolta": 247010946.61,
          "n_recp_disp_sobu": NaN,
          "stot_inflows_inv_act": 2722802537.58,
          "c_pay_acq_const_fiolta": 17017949162.56,
          "c_paid_invest": 3163714289.1,
          "n_disp_subs_oth_biz": NaN,
          "oth_pay_ral_inv_act": 10961.09,
          "n_incr_pledge_loan": NaN,
          "stot_out_inv_act": 20181674412.75,
          "n_cashflow_inv_act": -17458871875.17,
          "c_recp_borrow": 2682178979.4,
          "proc_issue_bonds": NaN,
          "oth_cash_recp_ral_fnc_act": 95381354.7,
          "stot_cash_in_fnc_act": 2831659500.67,
          "free_cashflow": NaN,
          "c_prepay_amt_borr": 3672667292.93,
          "c_pay_dist_dpcp_int_exp": 19505860393.18,
          "incl_dvd_profit_paid_sc_ms": NaN,
          "oth_cashpay_ral_fnc_act": 15091853709.19,
          "stot_cashout_fnc_act": 38270381395.3,
          "n_cash_flows_fnc_act": -35438721894.63,
          "eff_fx_flu_cash": -713514816.41,
          "n_incr_cash_cash_equ": -13629276851.94,
          "c_cash_equ_beg_period": 184189078030.04,
          "c_cash_equ_end_period": 170559801178.1,
          "c_recp_cap_contrib": 54099166.57,
          "incl_cash_rec_saims": NaN,
          "uncon_invest_loss": NaN,
          "prov_depr_assets": NaN,
          "depr_fa_coga_dpba": NaN,
          "amort_intang_assets": NaN,
          "lt_amort_deferred_exp": NaN,
          "decr_deferred_exp": NaN,
          "incr_acc_exp": NaN,
          "loss_disp_fiolta": NaN,
          "loss_scr_fa": NaN,
          "loss_fv_chg": NaN,
          "invest_loss": NaN,
          "decr_def_inc_tax_assets": NaN,
          "incr_def_inc_tax_liab": NaN,
          "decr_inventories": NaN,
          "decr_oper_payable": NaN,
          "incr_oper_payable": NaN,
          "others": NaN,
          "im_net_cashflow_oper_act": NaN,
          "conv_debt_into_cap": null,
          "conv_copbonds_due_within_1y": null,
          "fa_fnc_leases": null,
          "im_n_incr_cash_equ": NaN,
          "net_dism_capital_add": null,
          "net_cash_rece_sec": null,
          "credit_impa_loss": NaN,
          "use_right_asset_dep": NaN,
          "oth_loss_asset": null,
          "end_bal_cash": NaN,
          "beg_bal_cash": NaN,
          "end_bal_cash_equ": NaN,
          "beg_bal_cash_equ": NaN,
          "update_flag": "0"
        },
        {
          "ts_code": "601919.SH",
          "ann_date": "20250829",
          "f_ann_date": "20250829",
          "end_date": "20250630",
          "comp_type": "1",
          "report_type": "1",
          "end_type": "2",
          "net_profit": 20207990219.08,
          "finan_exp": 1446390669.8,
          "c_fr_sale_sg": 107744641289.17,
          "recp_tax_rends": 1318635005.29,
          "n_depos_incr_fi": null,
          "n_incr_loans_cb": null,
          "n_inc_borr_oth_fi": null,
          "prem_fr_orig_contr": null,
          "n_incr_insured_dep": null,
          "n_reinsur_prem": null,
          "n_incr_disp_tfa": null,
          "ifc_cash_incr": null,
          "n_incr_disp_faas": null,
          "n_incr_loans_oth_bank": null,
          "n_cap_incr_repur": null,
          "c_fr_oth_operate_a": 4388736318.69,
          "c_inf_fr_operate_a": 113452012613.15,
          "c_paid_goods_s": 71669836748.65,
          "c_paid_to_for_empl": 6888507602.53,
          "c_paid_for_taxes": 6409349622.44,
          "n_incr_clt_loan_adv": null,
          "n_incr_dep_cbob": null,
          "c_pay_claims_orig_inco": null,
          "pay_handling_chrg": null,
          "pay_comm_insur_plcy": null,
          "oth_cash_pay_oper_act": 2707342009.54,
          "st_cash_out_act": 87675035983.16,
          "n_cashflow_act": 25776976629.99,
          "oth_recp_ral_inv_act": NaN,
          "c_disp_withdrwl_invest": 160000.0,
          "c_recp_return_invest": 1299535005.6,
          "n_recp_disp_fiolta": 184748779.63,
          "n_recp_disp_sobu": NaN,
          "stot_inflows_inv_act": 1484443785.23,
          "c_pay_acq_const_fiolta": 9751203366.26,
          "c_paid_invest": 2234406893.4,
          "n_disp_subs_oth_biz": NaN,
          "oth_pay_ral_inv_act": 10988.64,
          "n_incr_pledge_loan": NaN,
          "stot_out_inv_act": 11985621248.3,
          "n_cashflow_inv_act": -10501177463.07,
          "c_recp_borrow": 2344314263.4,
          "proc_issue_bonds": NaN,
          "oth_cash_recp_ral_fnc_act": 81980426.7,
          "stot_cash_in_fnc_act": 2431672120.36,
          "free_cashflow": 14266857959.8113,
          "c_prepay_amt_borr": 2498872740.55,
          "c_pay_dist_dpcp_int_exp": 18953511491.32,
          "incl_dvd_profit_paid_sc_ms": 2284985266.6,
          "oth_cashpay_ral_fnc_act": 11345514957.68,
          "stot_cashout_fnc_act": 32797899189.55,
          "n_cash_flows_fnc_act": -30366227069.19,
          "eff_fx_flu_cash": 44258604.51,
          "n_incr_cash_cash_equ": -15046169297.76,
          "c_cash_equ_beg_period": 184189078030.04,
          "c_cash_equ_end_period": 169142908732.28,
          "c_recp_cap_contrib": 5377430.26,
          "incl_cash_rec_saims": 4071327.26,
          "uncon_invest_loss": NaN,
          "prov_depr_assets": 1838608.05,
          "depr_fa_coga_dpba": 4250002865.01,
          "amort_intang_assets": 203897788.21,
          "lt_amort_deferred_exp": 90967779.41,
          "decr_deferred_exp": NaN,
          "incr_acc_exp": NaN,
          "loss_disp_fiolta": -82923986.44,
          "loss_scr_fa": 2183092.52,
          "loss_fv_chg": -28642136.09,
          "invest_loss": -3016505311.98,
          "decr_def_inc_tax_assets": 21134421.36,
          "incr_def_inc_tax_liab": 162793796.39,
          "decr_inventories": -196750164.02,
          "decr_oper_payable": -3031213177.55,
          "incr_oper_payable": 302571916.8,
          "others": NaN,
          "im_net_cashflow_oper_act": 25776976629.99,
          "conv_debt_into_cap": null,
          "conv_copbonds_due_within_1y": null,
          "fa_fnc_leases": null,
          "im_n_incr_cash_equ": -15046169297.76,
          "net_dism_capital_add": null,
          "net_cash_rece_sec": null,
          "credit_impa_loss": -10255898.87,
          "use_right_asset_dep": 5453496148.31,
          "oth_loss_asset": null,
          "end_bal_cash": 169142908732.28,
          "beg_bal_cash": 184189078030.04,
          "end_bal_cash_equ": NaN,
          "beg_bal_cash_equ": NaN,
          "update_flag": "1"
        }
      ]
    },
    "price_window_days": 120,
    "price_points": 80,
    "last_trade_date": "20251204",
    "price_stats": {
      "min_close": 14.25,
      "max_close": 15.96,
      "avg_close": 15.073624999999998
    },
    "narrative_raw": [
      "```json\n{\n  \"company_intro\": \"中远海控 (601919.SH) 是全球领先的集装箱航运综合服务商。公司基本面稳健，近期通过积极的股份回购计划彰显其对自身价值的信心，截至2025年11月底已累计回购约7.48亿元人民币。面对复杂的外部环境，公司展现出卓越的运营韧性，通过优化航线布局与精细化成本管控，在2025年第三季度实现了优于行业的业绩表现。其货运量在部分航线承压的情况下，通过在其他航线，特别是亚洲区域内航线的增长，实现了4.91%的同比总货运量提升，显示了其强大的市场适应能力与管理效率。\",\n  \"industry_analysis\": \"集运业正处在机遇与挑战并存的复杂局面。一方面，受益于航线重构、运力紧张及传统旺季需求，市场运价持续攀升，波罗的海干散货指数(BDI)创下新高，行业景气度显著回暖。各大航运公司亦上调新年度合同运价，试图锁定利润。另一方面，红海地区地缘政治风险急剧升级，美英空袭后胡塞武装宣布扩大打击目标，导致船只被迫绕行好望角。此举不仅大幅增加航行时间和运营成本，也给全球供应链的稳定性带来持续威胁。短期内，行业盈利能力将取决于运价上涨收益与绕航成本增加之间的博弈。\",\n  \"growth_analysis\": \"公司近期增长势头强劲，最新数据显示其营业收入与归母净利润的同比增长率分别高达53.62%和52.35%，反映了当前航运市场高景气度带来的显著效益。从长期视角看，公司过去95个报告期的营业收入复合年均增长率(CAGR)为9.92%，表明其具备稳健的长期扩张能力。尽管长期净利润CAGR数据缺失（可能因历史周期性亏损导致），但公司在2025年第三季度仍实现总货运量4.91%的同比增长，证明其在充满挑战的市场中依然能够凭借运营优化捕捉增长机会，增长韧性得到验证。\",\n  \"financial_analysis\": \"截至2025年三季度末，公司财务状况极为健康。其盈利能力突出，营业利润率和净利润率分别为22.03%和18.37%，净资产收益率(ROE)达到13.26%。资产负债表异常坚实，资产负债率仅为2.89%，产权比率(D/E)低至0.062，利息保障倍数高达11.98倍，显示财务风险极低。公司现金流创造能力强大，自由现金流利润率高达21.97%，流动比率与速动比率分别为1.50和1.45，短期偿债能力无忧。此外，高达229.6天的应付账款周转天数，也反映了公司在产业链中强大的议价能力。\",\n  \"valuation_analysis\": \"根据量化模型评估，中远海控的估值存在显著低估。截至2025年12月4日，公司股价为15.03元，而其综合内在价值评估为36.49元。其中，贴现现金流(DCF)模型在10%的WACC和3%的永续增长率假设下，测算的合理价值为43.16元，较当前股价存在超过180%的潜在上行空间。即便在更保守的12% WACC假设下，其价值也达到33.35元。同时，市盈率(PE)估值带分析亦给出了29.81元的目标价。所有估值方法均指向同一结论：当前股价远未反映其内在价值，安全边际充足。\",\n  \"core_viewpoints\": \"我们认为中远海控具备显著的投资价值。首先，公司基本面坚如磐石，盈利能力强（净利率18.4%），财务杠杆极低（产权比率0.06），且拥有强大的自由现金流（FCF利润率22.0%）。其次，行业正迎来运价上行的有利催化，公司凭借其运营韧性与成本控制能力，有望充分受益。再次，尽管红海局势构成主要风险，增加了运营成本与不确定性，但公司已通过优化航线展现出应对能力。最后，当前股价（15.03元）较DCF估值（43.16元）存在巨大折价，公司自身积极的股票回购行动也印证了其价值被低估的判断。\"\n}\n```"
    ]
  },
  "stage_order": [
    "ingest_financials",
    "enrich_market",
    "quant_metrics",
    "news_fetch_mapreduce",
    "qual_research",
    "valuation",
    "narrative",
    "risk",
    "reviewer",
    "chart_builder",
    "writing",
    "qa"
  ],
  "basic_info": {
    "ts_code": "601919.SH",
    "name": "中远海控",
    "area": "天津",
    "industry": "水运",
    "list_date": "20070626",
    "market": "主板",
    "exchange": "SSE"
  },
  "holders": [
    {
      "ts_code": "601919.SH",
      "ann_date": "20251031",
      "end_date": "20250930",
      "holder_name": "上海汽车工业(集团)有限公司",
      "hold_amount": 804700000.0,
      "hold_ratio": 5.195,
      "hold_float_ratio": 6.3815,
      "hold_change": 0.0,
      "holder_type": "一般企业"
    },
    {
      "ts_code": "601919.SH",
      "ann_date": "20251031",
      "end_date": "20250930",
      "holder_name": "国新投资有限公司",
      "hold_amount": 230454271.0,
      "hold_ratio": 1.4878,
      "hold_float_ratio": 1.8276,
      "hold_change": 0.0,
      "holder_type": "投资公司"
    },
    {
      "ts_code": "601919.SH",
      "ann_date": "20251031",
      "end_date": "20250930",
      "holder_name": "香港中央结算有限公司",
      "hold_amount": 219390644.0,
      "hold_ratio": 1.4164,
      "hold_float_ratio": 1.7398,
      "hold_change": -222419958.0,
      "holder_type": "一般企业"
    },
    {
      "ts_code": "601919.SH",
      "ann_date": "20251031",
      "end_date": "20250930",
      "holder_name": "中国建设银行股份有限公司-易方达沪深300交易型开放式指数发起式证券投资基金",
      "hold_amount": 77596795.0,
      "hold_ratio": 0.501,
      "hold_float_ratio": 0.6154,
      "hold_change": -2471600.0,
      "holder_type": "开放式投资基金"
    },
    {
      "ts_code": "601919.SH",
      "ann_date": "20251031",
      "end_date": "20250930",
      "holder_name": "中国远洋运输有限公司",
      "hold_amount": 5924873037.0,
      "hold_ratio": 38.2503,
      "hold_float_ratio": 46.9858,
      "hold_change": 0.0,
      "holder_type": "一般企业"
    },
    {
      "ts_code": "601919.SH",
      "ann_date": "20251031",
      "end_date": "20250930",
      "holder_name": "中国远洋海运集团有限公司",
      "hold_amount": 704746860.0,
      "hold_ratio": 4.5498,
      "hold_float_ratio": 5.5888,
      "hold_change": 0.0,
      "holder_type": "一般企业"
    },
    {
      "ts_code": "601919.SH",
      "ann_date": "20251031",
      "end_date": "20250930",
      "holder_name": "中国工商银行-上证50交易型开放式指数证券投资基金",
      "hold_amount": 120410561.0,
      "hold_ratio": 0.7774,
      "hold_float_ratio": 0.9549,
      "hold_change": -3246150.0,
      "holder_type": "开放式投资基金"
    },
    {
      "ts_code": "601919.SH",
      "ann_date": "20251031",
      "end_date": "20250930",
      "holder_name": "中国工商银行股份有限公司-华泰柏瑞沪深300交易型开放式指数证券投资基金",
      "hold_amount": 107432419.0,
      "hold_ratio": 0.6936,
      "hold_float_ratio": 0.852,
      "hold_change": -4796134.0,
      "holder_type": "开放式投资基金"
    },
    {
      "ts_code": "601919.SH",
      "ann_date": "20251031",
      "end_date": "20250930",
      "holder_name": "中国证券金融股份有限公司",
      "hold_amount": 373927475.0,
      "hold_ratio": 2.414,
      "hold_float_ratio": 2.9653,
      "hold_change": 0.0,
      "holder_type": "金融机构—证券公司"
    },
    {
      "ts_code": "601919.SH",
      "ann_date": "20251031",
      "end_date": "20250930",
      "holder_name": "HKSCCNomineesLimited",
      "hold_amount": 2871150014.0,
      "hold_ratio": 18.5358,
      "hold_float_ratio": NaN,
      "hold_change": 84791.0,
      "holder_type": "一般企业"
    },
    {
      "ts_code": "601919.SH",
      "ann_date": "20250829",
      "end_date": "20250630",
      "holder_name": "中国远洋运输有限公司",
      "hold_amount": 5924873037.0,
      "hold_ratio": 38.2503,
      "hold_float_ratio": 46.9858,
      "hold_change": 0.0,
      "holder_type": "一般企业"
    },
    {
      "ts_code": "601919.SH",
      "ann_date": "20250829",
      "end_date": "20250630",
      "holder_name": "HKSCCNomineesLimited",
      "hold_amount": 2871065223.0,
      "hold_ratio": 18.5353,
      "hold_float_ratio": NaN,
      "hold_change": -319783900.0,
      "holder_type": "一般企业"
    },
    {
      "ts_code": "601919.SH",
      "ann_date": "20250829",
      "end_date": "20250630",
      "holder_name": "上海汽车工业(集团)有限公司",
      "hold_amount": 804700000.0,
      "hold_ratio": 5.195,
      "hold_float_ratio": 6.3815,
      "hold_change": 0.0,
      "holder_type": "一般企业"
    },
    {
      "ts_code": "601919.SH",
      "ann_date": "20250829",
      "end_date": "20250630",
      "holder_name": "中国远洋海运集团有限公司",
      "hold_amount": 704746860.0,
      "hold_ratio": 4.5498,
      "hold_float_ratio": 5.5888,
      "hold_change": 0.0,
      "holder_type": "一般企业"
    },
    {
      "ts_code": "601919.SH",
      "ann_date": "20250829",
      "end_date": "20250630",
      "holder_name": "香港中央结算有限公司",
      "hold_amount": 441810602.0,
      "hold_ratio": 2.8523,
      "hold_float_ratio": 3.5037,
      "hold_change": 108877461.0,
      "holder_type": "一般企业"
    },
    {
      "ts_code": "601919.SH",
      "ann_date": "20250829",
      "end_date": "20250630",
      "holder_name": "中国证券金融股份有限公司",
      "hold_amount": 373927475.0,
      "hold_ratio": 2.414,
      "hold_float_ratio": 2.9653,
      "hold_change": 0.0,
      "holder_type": "金融机构—证券公司"
    },
    {
      "ts_code": "601919.SH",
      "ann_date": "20250829",
      "end_date": "20250630",
      "holder_name": "国新投资有限公司",
      "hold_amount": 230454271.0,
      "hold_ratio": 1.4878,
      "hold_float_ratio": 1.8276,
      "hold_change": 0.0,
      "holder_type": "投资公司"
    },
    {
      "ts_code": "601919.SH",
      "ann_date": "20250829",
      "end_date": "20250630",
      "holder_name": "中国工商银行-上证50交易型开放式指数证券投资基金",
      "hold_amount": 123656711.0,
      "hold_ratio": 0.7983,
      "hold_float_ratio": 0.9806,
      "hold_change": -1129178.0,
      "holder_type": "开放式投资基金"
    },
    {
      "ts_code": "601919.SH",
      "ann_date": "20250829",
      "end_date": "20250630",
      "holder_name": "中国工商银行股份有限公司-华泰柏瑞沪深300交易型开放式指数证券投资基金",
      "hold_amount": 112228553.0,
      "hold_ratio": 0.7245,
      "hold_float_ratio": 0.89,
      "hold_change": -3367924.0,
      "holder_type": "开放式投资基金"
    },
    {
      "ts_code": "601919.SH",
      "ann_date": "20250829",
      "end_date": "20250630",
      "holder_name": "中国建设银行股份有限公司-易方达沪深300交易型开放式指数发起式证券投资基金",
      "hold_amount": 80068395.0,
      "hold_ratio": 0.5169,
      "hold_float_ratio": 0.635,
      "hold_change": -351200.0,
      "holder_type": "开放式投资基金"
    },
    {
      "ts_code": "601919.SH",
      "ann_date": "20250430",
      "end_date": "20250331",
      "holder_name": "中国工商银行-上证50交易型开放式指数证券投资基金",
      "hold_amount": 116788010.0,
      "hold_ratio": 0.7317,
      "hold_float_ratio": 0.9151,
      "hold_change": -3073700.0,
      "holder_type": "开放式投资基金"
    },
    {
      "ts_code": "601919.SH",
      "ann_date": "20250430",
      "end_date": "20250331",
      "holder_name": "国新投资有限公司",
      "hold_amount": 230454271.0,
      "hold_ratio": 1.4438,
      "hold_float_ratio": 1.8058,
      "hold_change": 0.0,
      "holder_type": "投资公司"
    },
    {
      "ts_code": "601919.SH",
      "ann_date": "20250430",
      "end_date": "20250331",
      "holder_name": "中远海运控股股份有限公司回购专用证券账户",
      "hold_amount": 92307742.0,
      "hold_ratio": 0.5783,
      "hold_float_ratio": 0.7233,
      "hold_change": NaN,
      "holder_type": "其他金融产品"
    },
    {
      "ts_code": "601919.SH",
      "ann_date": "20250430",
      "end_date": "20250331",
      "holder_name": "中国工商银行股份有限公司-华泰柏瑞沪深300交易型开放式指数证券投资基金",
      "hold_amount": 104466627.0,
      "hold_ratio": 0.6545,
      "hold_float_ratio": 0.8186,
      "hold_change": -5722990.0,
      "holder_type": "开放式投资基金"
    },
    {
      "ts_code": "601919.SH",
      "ann_date": "20250430",
      "end_date": "20250331",
      "holder_name": "中国证券金融股份有限公司",
      "hold_amount": 373927475.0,
      "hold_ratio": 2.3427,
      "hold_float_ratio": 2.93,
      "hold_change": 0.0,
      "holder_type": "金融机构—证券公司"
    },
    {
      "ts_code": "601919.SH",
      "ann_date": "20250430",
      "end_date": "20250331",
      "holder_name": "香港中央结算有限公司",
      "hold_amount": 354253106.0,
      "hold_ratio": 2.2194,
      "hold_float_ratio": 2.7759,
      "hold_change": -35367098.0,
      "holder_type": "一般企业"
    },
    {
      "ts_code": "601919.SH",
      "ann_date": "20250430",
      "end_date": "20250331",
      "holder_name": "中国远洋运输有限公司",
      "hold_amount": 5924873037.0,
      "hold_ratio": 37.1193,
      "hold_float_ratio": 46.4262,
      "hold_change": 0.0,
      "holder_type": "一般企业"
    },
    {
      "ts_code": "601919.SH",
      "ann_date": "20250430",
      "end_date": "20250331",
      "holder_name": "HKSCCNomineesLimited",
      "hold_amount": 3190839173.0,
      "hold_ratio": 19.9906,
      "hold_float_ratio": NaN,
      "hold_change": 1017977.0,
      "holder_type": "一般企业"
    },
    {
      "ts_code": "601919.SH",
      "ann_date": "20250430",
      "end_date": "20250331",
      "holder_name": "上海汽车工业(集团)有限公司",
      "hold_amount": 804700000.0,
      "hold_ratio": 5.0414,
      "hold_float_ratio": 6.3055,
      "hold_change": 0.0,
      "holder_type": "一般企业"
    },
    {
      "ts_code": "601919.SH",
      "ann_date": "20250430",
      "end_date": "20250331",
      "holder_name": "中国远洋海运集团有限公司",
      "hold_amount": 704746860.0,
      "hold_ratio": 4.4152,
      "hold_float_ratio": 5.5223,
      "hold_change": 0.0,
      "holder_type": "一般企业"
    },
    {
      "ts_code": "601919.SH",
      "ann_date": "20250322",
      "end_date": "20241231",
      "holder_name": "中国证券金融股份有限公司",
      "hold_amount": 373927475.0,
      "hold_ratio": 2.3428,
      "hold_float_ratio": 2.9302,
      "hold_change": 0.0,
      "holder_type": "金融机构—证券公司"
    },
    {
      "ts_code": "601919.SH",
      "ann_date": "20250322",
      "end_date": "20241231",
      "holder_name": "HKSCCNomineesLimited",
      "hold_amount": 3189821196.0,
      "hold_ratio": 19.9853,
      "hold_float_ratio": NaN,
      "hold_change": 8392.0,
      "holder_type": "一般企业"
    },
    {
      "ts_code": "601919.SH",
      "ann_date": "20250322",
      "end_date": "20241231",
      "holder_name": "国新投资有限公司",
      "hold_amount": 230454271.0,
      "hold_ratio": 1.4439,
      "hold_float_ratio": 1.8059,
      "hold_change": 809717.0,
      "holder_type": "投资公司"
    },
    {
      "ts_code": "601919.SH",
      "ann_date": "20250322",
      "end_date": "20241231",
      "holder_name": "中国建设银行股份有限公司-易方达沪深300交易型开放式指数发起式证券投资基金",
      "hold_amount": 75988195.0,
      "hold_ratio": 0.4761,
      "hold_float_ratio": 0.5955,
      "hold_change": -3233000.0,
      "holder_type": "开放式投资基金"
    },
    {
      "ts_code": "601919.SH",
      "ann_date": "20250322",
      "end_date": "20241231",
      "holder_name": "香港中央结算有限公司",
      "hold_amount": 389620204.0,
      "hold_ratio": 2.4411,
      "hold_float_ratio": 3.0532,
      "hold_change": -129959334.0,
      "holder_type": "一般企业"
    },
    {
      "ts_code": "601919.SH",
      "ann_date": "20250322",
      "end_date": "20241231",
      "holder_name": "中国工商银行-上证50交易型开放式指数证券投资基金",
      "hold_amount": 119861710.0,
      "hold_ratio": 0.751,
      "hold_float_ratio": 0.9393,
      "hold_change": -8222899.0,
      "holder_type": "开放式投资基金"
    },
    {
      "ts_code": "601919.SH",
      "ann_date": "20250322",
      "end_date": "20241231",
      "holder_name": "中国远洋运输有限公司",
      "hold_amount": 5924873037.0,
      "hold_ratio": 37.1213,
      "hold_float_ratio": 46.4294,
      "hold_change": 0.0,
      "holder_type": "一般企业"
    },
    {
      "ts_code": "601919.SH",
      "ann_date": "20250322",
      "end_date": "20241231",
      "holder_name": "中国工商银行股份有限公司-华泰柏瑞沪深300交易型开放式指数证券投资基金",
      "hold_amount": 110189617.0,
      "hold_ratio": 0.6904,
      "hold_float_ratio": 0.8635,
      "hold_change": -9662605.0,
      "holder_type": "开放式投资基金"
    },
    {
      "ts_code": "601919.SH",
      "ann_date": "20250322",
      "end_date": "20241231",
      "holder_name": "上海汽车工业(集团)有限公司",
      "hold_amount": 804700000.0,
      "hold_ratio": 5.0417,
      "hold_float_ratio": 6.3059,
      "hold_change": 0.0,
      "holder_type": "一般企业"
    },
    {
      "ts_code": "601919.SH",
      "ann_date": "20250322",
      "end_date": "20241231",
      "holder_name": "中国远洋海运集团有限公司",
      "hold_amount": 704746860.0,
      "hold_ratio": 4.4155,
      "hold_float_ratio": 5.5226,
      "hold_change": 0.0,
      "holder_type": "一般企业"
    },
    {
      "ts_code": "601919.SH",
      "ann_date": "20241031",
      "end_date": "20240930",
      "holder_name": "中国远洋运输有限公司",
      "hold_amount": 5924873037.0,
      "hold_ratio": 37.1217,
      "hold_float_ratio": 46.4299,
      "hold_change": 0.0,
      "holder_type": "一般企业"
    },
    {
      "ts_code": "601919.SH",
      "ann_date": "20241031",
      "end_date": "20240930",
      "holder_name": "HKSCCNomineesLimited",
      "hold_amount": 3189815504.0,
      "hold_ratio": 19.9855,
      "hold_float_ratio": NaN,
      "hold_change": 275142.0,
      "holder_type": "一般企业"
    },
    {
      "ts_code": "601919.SH",
      "ann_date": "20241031",
      "end_date": "20240930",
      "holder_name": "上海汽车工业(集团)有限公司",
      "hold_amount": 804700000.0,
      "hold_ratio": 5.0418,
      "hold_float_ratio": 6.306,
      "hold_change": 0.0,
      "holder_type": "一般企业"
    },
    {
      "ts_code": "601919.SH",
      "ann_date": "20241031",
      "end_date": "20240930",
      "holder_name": "中国远洋海运集团有限公司",
      "hold_amount": 704746860.0,
      "hold_ratio": 4.4155,
      "hold_float_ratio": 5.5227,
      "hold_change": 0.0,
      "holder_type": "一般企业"
    },
    {
      "ts_code": "601919.SH",
      "ann_date": "20241031",
      "end_date": "20240930",
      "holder_name": "香港中央结算有限公司",
      "hold_amount": 583110904.0,
      "hold_ratio": 3.6534,
      "hold_float_ratio": 4.5695,
      "hold_change": 102361523.0,
      "holder_type": "一般企业"
    },
    {
      "ts_code": "601919.SH",
      "ann_date": "20241031",
      "end_date": "20240930",
      "holder_name": "中国证券金融股份有限公司",
      "hold_amount": 373927475.0,
      "hold_ratio": 2.3428,
      "hold_float_ratio": 2.9303,
      "hold_change": 0.0,
      "holder_type": "金融机构—证券公司"
    },
    {
      "ts_code": "601919.SH",
      "ann_date": "20241031",
      "end_date": "20240930",
      "holder_name": "国新投资有限公司",
      "hold_amount": 333303967.0,
      "hold_ratio": 2.0883,
      "hold_float_ratio": 2.6119,
      "hold_change": 141210930.0,
      "holder_type": "投资公司"
    },
    {
      "ts_code": "601919.SH",
      "ann_date": "20241031",
      "end_date": "20240930",
      "holder_name": "中国工商银行-上证50交易型开放式指数证券投资基金",
      "hold_amount": 128662619.0,
      "hold_ratio": 0.8061,
      "hold_float_ratio": 1.0083,
      "hold_change": 26204677.0,
      "holder_type": "开放式投资基金"
    },
    {
      "ts_code": "601919.SH",
      "ann_date": "20241031",
      "end_date": "20240930",
      "holder_name": "中国工商银行股份有限公司-华泰柏瑞沪深300交易型开放式指数证券投资基金",
      "hold_amount": 121763422.0,
      "hold_ratio": 0.7629,
      "hold_float_ratio": 0.9542,
      "hold_change": 46614730.0,
      "holder_type": "开放式投资基金"
    },
    {
      "ts_code": "601919.SH",
      "ann_date": "20241031",
      "end_date": "20240930",
      "holder_name": "中国建设银行股份有限公司-易方达沪深300交易型开放式指数发起式证券投资基金",
      "hold_amount": 81236275.0,
      "hold_ratio": 0.509,
      "hold_float_ratio": 0.6366,
      "hold_change": NaN,
      "holder_type": "开放式投资基金"
    },
    {
      "ts_code": "601919.SH",
      "ann_date": "20240830",
      "end_date": "20240630",
      "holder_name": "中国远洋运输有限公司",
      "hold_amount": 5924873037.0,
      "hold_ratio": 37.1219,
      "hold_float_ratio": 46.4302,
      "hold_change": 0.0,
      "holder_type": "一般企业"
    },
    {
      "ts_code": "601919.SH",
      "ann_date": "20240830",
      "end_date": "20240630",
      "holder_name": "HKSCCNomineesLimited",
      "hold_amount": 3189540362.0,
      "hold_ratio": 19.9838,
      "hold_float_ratio": NaN,
      "hold_change": 14250.0,
      "holder_type": "一般企业"
    },
    {
      "ts_code": "601919.SH",
      "ann_date": "20240830",
      "end_date": "20240630",
      "holder_name": "上海汽车工业(集团)有限公司",
      "hold_amount": 804700000.0,
      "hold_ratio": 5.0418,
      "hold_float_ratio": 6.306,
      "hold_change": 0.0,
      "holder_type": "一般企业"
    },
    {
      "ts_code": "601919.SH",
      "ann_date": "20240830",
      "end_date": "20240630",
      "holder_name": "中国远洋海运集团有限公司",
      "hold_amount": 704746860.0,
      "hold_ratio": 4.4155,
      "hold_float_ratio": 5.5227,
      "hold_change": 0.0,
      "holder_type": "一般企业"
    },
    {
      "ts_code": "601919.SH",
      "ann_date": "20240830",
      "end_date": "20240630",
      "holder_name": "香港中央结算有限公司",
      "hold_amount": 480749381.0,
      "hold_ratio": 3.0121,
      "hold_float_ratio": 3.7674,
      "hold_change": -8764666.0,
      "holder_type": "一般企业"
    },
    {
      "ts_code": "601919.SH",
      "ann_date": "20240830",
      "end_date": "20240630",
      "holder_name": "中国证券金融股份有限公司",
      "hold_amount": 373927475.0,
      "hold_ratio": 2.3428,
      "hold_float_ratio": 2.9303,
      "hold_change": 0.0,
      "holder_type": "金融机构—证券公司"
    },
    {
      "ts_code": "601919.SH",
      "ann_date": "20240830",
      "end_date": "20240630",
      "holder_name": "国新投资有限公司",
      "hold_amount": 192093037.0,
      "hold_ratio": 1.2035,
      "hold_float_ratio": 1.5053,
      "hold_change": -102990523.0,
      "holder_type": "投资公司"
    },
    {
      "ts_code": "601919.SH",
      "ann_date": "20240830",
      "end_date": "20240630",
      "holder_name": "中国工商银行-上证50交易型开放式指数证券投资基金",
      "hold_amount": 102457942.0,
      "hold_ratio": 0.6419,
      "hold_float_ratio": 0.8029,
      "hold_change": -4371975.0,
      "holder_type": "开放式投资基金"
    },
    {
      "ts_code": "601919.SH",
      "ann_date": "20240830",
      "end_date": "20240630",
      "holder_name": "中国工商银行股份有限公司-华泰柏瑞沪深300交易型开放式指数证券投资基金",
      "hold_amount": 75148692.0,
      "hold_ratio": 0.4708,
      "hold_float_ratio": 0.5889,
      "hold_change": 6438212.0,
      "holder_type": "开放式投资基金"
    },
    {
      "ts_code": "601919.SH",
      "ann_date": "20240830",
      "end_date": "20240630",
      "holder_name": "交通银行股份有限公司-易方达上证50指数增强型证券投资基金",
      "hold_amount": 70024100.0,
      "hold_ratio": 0.4387,
      "hold_float_ratio": 0.5487,
      "hold_change": 6041301.0,
      "holder_type": "开放式投资基金"
    },
    {
      "ts_code": "601919.SH",
      "ann_date": "20240430",
      "end_date": "20240331",
      "holder_name": "中国远洋运输有限公司",
      "hold_amount": 5924873037.0,
      "hold_ratio": 37.1289,
      "hold_float_ratio": 46.4412,
      "hold_change": 0.0,
      "holder_type": "一般企业"
    },
    {
      "ts_code": "601919.SH",
      "ann_date": "20240430",
      "end_date": "20240331",
      "holder_name": "HKSCCNomineesLimited",
      "hold_amount": 3189526112.0,
      "hold_ratio": 19.9875,
      "hold_float_ratio": NaN,
      "hold_change": -113233630.0,
      "holder_type": "一般企业"
    },
    {
      "ts_code": "601919.SH",
      "ann_date": "20240430",
      "end_date": "20240331",
      "holder_name": "上海汽车工业(集团)有限公司",
      "hold_amount": 804700000.0,
      "hold_ratio": 5.0427,
      "hold_float_ratio": 6.3075,
      "hold_change": 0.0,
      "holder_type": "一般企业"
    },
    {
      "ts_code": "601919.SH",
      "ann_date": "20240430",
      "end_date": "20240331",
      "holder_name": "中国远洋海运集团有限公司",
      "hold_amount": 704746860.0,
      "hold_ratio": 4.4164,
      "hold_float_ratio": 5.524,
      "hold_change": 0.0,
      "holder_type": "一般企业"
    },
    {
      "ts_code": "601919.SH",
      "ann_date": "20240430",
      "end_date": "20240331",
      "holder_name": "香港中央结算有限公司",
      "hold_amount": 489514047.0,
      "hold_ratio": 3.0676,
      "hold_float_ratio": 3.837,
      "hold_change": 169053738.0,
      "holder_type": "一般企业"
    },
    {
      "ts_code": "601919.SH",
      "ann_date": "20240430",
      "end_date": "20240331",
      "holder_name": "中国证券金融股份有限公司",
      "hold_amount": 373927475.0,
      "hold_ratio": 2.3433,
      "hold_float_ratio": 2.931,
      "hold_change": 0.0,
      "holder_type": "金融机构—证券公司"
    },
    {
      "ts_code": "601919.SH",
      "ann_date": "20240430",
      "end_date": "20240331",
      "holder_name": "国新投资有限公司",
      "hold_amount": 295083560.0,
      "hold_ratio": 1.8492,
      "hold_float_ratio": 2.313,
      "hold_change": -175404558.0,
      "holder_type": "投资公司"
    },
    {
      "ts_code": "601919.SH",
      "ann_date": "20240430",
      "end_date": "20240331",
      "holder_name": "中国工商银行-上证50交易型开放式指数证券投资基金",
      "hold_amount": 106829917.0,
      "hold_ratio": 0.6695,
      "hold_float_ratio": 0.8374,
      "hold_change": 33098350.0,
      "holder_type": "开放式投资基金"
    },
    {
      "ts_code": "601919.SH",
      "ann_date": "20240430",
      "end_date": "20240331",
      "holder_name": "中国工商银行股份有限公司-华泰柏瑞沪深300交易型开放式指数证券投资基金",
      "hold_amount": 68710480.0,
      "hold_ratio": 0.4306,
      "hold_float_ratio": 0.5386,
      "hold_change": 21029930.0,
      "holder_type": "开放式投资基金"
    },
    {
      "ts_code": "601919.SH",
      "ann_date": "20240430",
      "end_date": "20240331",
      "holder_name": "交通银行股份有限公司-易方达上证50指数增强型证券投资基金",
      "hold_amount": 63982799.0,
      "hold_ratio": 0.401,
      "hold_float_ratio": 0.5015,
      "hold_change": NaN,
      "holder_type": "开放式投资基金"
    },
    {
      "ts_code": "601919.SH",
      "ann_date": "20240329",
      "end_date": "20231231",
      "holder_name": "中国工商银行股份有限公司-华泰柏瑞沪深300交易型开放式指数证券投资基金",
      "hold_amount": 47680550.0,
      "hold_ratio": 0.2967,
      "hold_float_ratio": 0.3737,
      "hold_change": NaN,
      "holder_type": "开放式投资基金"
    },
    {
      "ts_code": "601919.SH",
      "ann_date": "20240329",
      "end_date": "20231231",
      "holder_name": "茂名凯雷投资管理有限公司",
      "hold_amount": 36197127.0,
      "hold_ratio": 0.2252,
      "hold_float_ratio": 0.2837,
      "hold_change": NaN,
      "holder_type": "投资公司"
    },
    {
      "ts_code": "601919.SH",
      "ann_date": "20240329",
      "end_date": "20231231",
      "holder_name": "中国远洋运输有限公司",
      "hold_amount": 5924873037.0,
      "hold_ratio": 36.8667,
      "hold_float_ratio": 46.4414,
      "hold_change": 0.0,
      "holder_type": "一般企业"
    },
    {
      "ts_code": "601919.SH",
      "ann_date": "20240329",
      "end_date": "20231231",
      "holder_name": "HKSCCNomineesLimited",
      "hold_amount": 3302759742.0,
      "hold_ratio": 20.551,
      "hold_float_ratio": NaN,
      "hold_change": -41934585.0,
      "holder_type": "一般企业"
    },
    {
      "ts_code": "601919.SH",
      "ann_date": "20240329",
      "end_date": "20231231",
      "holder_name": "上海汽车工业(集团)有限公司",
      "hold_amount": 804700000.0,
      "hold_ratio": 5.0071,
      "hold_float_ratio": 6.3075,
      "hold_change": 0.0,
      "holder_type": "一般企业"
    },
    {
      "ts_code": "601919.SH",
      "ann_date": "20240329",
      "end_date": "20231231",
      "holder_name": "中国远洋海运集团有限公司",
      "hold_amount": 704746860.0,
      "hold_ratio": 4.3852,
      "hold_float_ratio": 5.5241,
      "hold_change": 0.0,
      "holder_type": "一般企业"
    },
    {
      "ts_code": "601919.SH",
      "ann_date": "20240329",
      "end_date": "20231231",
      "holder_name": "国新投资有限公司",
      "hold_amount": 470488118.0,
      "hold_ratio": 2.9275,
      "hold_float_ratio": 3.6879,
      "hold_change": 357497801.0,
      "holder_type": "投资公司"
    },
    {
      "ts_code": "601919.SH",
      "ann_date": "20240329",
      "end_date": "20231231",
      "holder_name": "中国证券金融股份有限公司",
      "hold_amount": 373927475.0,
      "hold_ratio": 2.3267,
      "hold_float_ratio": 2.931,
      "hold_change": 0.0,
      "holder_type": "金融机构—证券公司"
    },
    {
      "ts_code": "601919.SH",
      "ann_date": "20240329",
      "end_date": "20231231",
      "holder_name": "香港中央结算有限公司",
      "hold_amount": 320460309.0,
      "hold_ratio": 1.994,
      "hold_float_ratio": 2.5119,
      "hold_change": -43108553.0,
      "holder_type": "一般企业"
    },
    {
      "ts_code": "601919.SH",
      "ann_date": "20240329",
      "end_date": "20231231",
      "holder_name": "中国工商银行-上证50交易型开放式指数证券投资基金",
      "hold_amount": 73731567.0,
      "hold_ratio": 0.4588,
      "hold_float_ratio": 0.5779,
      "hold_change": 12703090.0,
      "holder_type": "开放式投资基金"
    },
    {
      "ts_code": "601919.SH",
      "ann_date": "20231031",
      "end_date": "20230930",
      "holder_name": "上海汽车工业(集团)有限公司",
      "hold_amount": 804700000.0,
      "hold_ratio": 4.9757,
      "hold_float_ratio": 6.278,
      "hold_change": 0.0,
      "holder_type": "一般企业"
    },
    {
      "ts_code": "601919.SH",
      "ann_date": "20231031",
      "end_date": "20230930",
      "holder_name": "中国远洋海运集团有限公司",
      "hold_amount": 704746860.0,
      "hold_ratio": 4.3577,
      "hold_float_ratio": 5.4982,
      "hold_change": 0.0,
      "holder_type": "一般企业"
    },
    {
      "ts_code": "601919.SH",
      "ann_date": "20231031",
      "end_date": "20230930",
      "holder_name": "中国远洋运输有限公司",
      "hold_amount": 5924873037.0,
      "hold_ratio": 36.6356,
      "hold_float_ratio": 46.2242,
      "hold_change": 0.0,
      "holder_type": "一般企业"
    },
    {
      "ts_code": "601919.SH",
      "ann_date": "20231031",
      "end_date": "20230930",
      "holder_name": "光大金瓯资产管理有限公司",
      "hold_amount": 44337320.0,
      "hold_ratio": 0.2742,
      "hold_float_ratio": 0.3459,
      "hold_change": 0.0,
      "holder_type": "资产管理公司"
    },
    {
      "ts_code": "601919.SH",
      "ann_date": "20231031",
      "end_date": "20230930",
      "holder_name": "中国工商银行-上证50交易型开放式指数证券投资基金",
      "hold_amount": 61028477.0,
      "hold_ratio": 0.3774,
      "hold_float_ratio": 0.4761,
      "hold_change": -594820.0,
      "holder_type": "开放式投资基金"
    },
    {
      "ts_code": "601919.SH",
      "ann_date": "20231031",
      "end_date": "20230930",
      "holder_name": "国新投资有限公司",
      "hold_amount": 112990317.0,
      "hold_ratio": 0.6987,
      "hold_float_ratio": 0.8815,
      "hold_change": 11993632.0,
      "holder_type": "投资公司"
    },
    {
      "ts_code": "601919.SH",
      "ann_date": "20231031",
      "end_date": "20230930",
      "holder_name": "香港中央结算有限公司",
      "hold_amount": 363568862.0,
      "hold_ratio": 2.2481,
      "hold_float_ratio": 2.8365,
      "hold_change": 10414818.0,
      "holder_type": "一般企业"
    },
    {
      "ts_code": "601919.SH",
      "ann_date": "20231031",
      "end_date": "20230930",
      "holder_name": "中国证券金融股份有限公司",
      "hold_amount": 373927475.0,
      "hold_ratio": 2.3121,
      "hold_float_ratio": 2.9173,
      "hold_change": 0.0,
      "holder_type": "金融机构—证券公司"
    },
    {
      "ts_code": "601919.SH",
      "ann_date": "20231031",
      "end_date": "20230930",
      "holder_name": "交通银行股份有限公司-易方达上证50指数增强型证券投资基金",
      "hold_amount": 43083081.0,
      "hold_ratio": 0.2664,
      "hold_float_ratio": 0.3361,
      "hold_change": NaN,
      "holder_type": "开放式投资基金"
    },
    {
      "ts_code": "601919.SH",
      "ann_date": "20231031",
      "end_date": "20230930",
      "holder_name": "HKSCCNomineesLimited",
      "hold_amount": 3344694327.0,
      "hold_ratio": 20.6814,
      "hold_float_ratio": NaN,
      "hold_change": -76100.0,
      "holder_type": "一般企业"
    },
    {
      "ts_code": "601919.SH",
      "ann_date": "20230830",
      "end_date": "20230630",
      "holder_name": "中国远洋运输有限公司",
      "hold_amount": 5924873037.0,
      "hold_ratio": 36.6406,
      "hold_float_ratio": 46.2322,
      "hold_change": 0.0,
      "holder_type": "一般企业"
    },
    {
      "ts_code": "601919.SH",
      "ann_date": "20230830",
      "end_date": "20230630",
      "holder_name": "HKSCCNomineesLimited",
      "hold_amount": 3344802423.0,
      "hold_ratio": 20.6849,
      "hold_float_ratio": NaN,
      "hold_change": -201022.0,
      "holder_type": "一般企业"
    },
    {
      "ts_code": "601919.SH",
      "ann_date": "20230830",
      "end_date": "20230630",
      "holder_name": "上海汽车工业(集团)有限公司",
      "hold_amount": 804700000.0,
      "hold_ratio": 4.9764,
      "hold_float_ratio": 6.2791,
      "hold_change": 0.0,
      "holder_type": "一般企业"
    },
    {
      "ts_code": "601919.SH",
      "ann_date": "20230830",
      "end_date": "20230630",
      "holder_name": "中国远洋海运集团有限公司",
      "hold_amount": 704746860.0,
      "hold_ratio": 4.3583,
      "hold_float_ratio": 5.4992,
      "hold_change": 0.0,
      "holder_type": "一般企业"
    },
    {
      "ts_code": "601919.SH",
      "ann_date": "20230830",
      "end_date": "20230630",
      "holder_name": "中国证券金融股份有限公司",
      "hold_amount": 373927475.0,
      "hold_ratio": 2.3124,
      "hold_float_ratio": 2.9178,
      "hold_change": 0.0,
      "holder_type": "金融机构—证券公司"
    },
    {
      "ts_code": "601919.SH",
      "ann_date": "20230830",
      "end_date": "20230630",
      "holder_name": "香港中央结算有限公司",
      "hold_amount": 320776306.0,
      "hold_ratio": 1.9837,
      "hold_float_ratio": 2.503,
      "hold_change": -19423288.0,
      "holder_type": "一般企业"
    },
    {
      "ts_code": "601919.SH",
      "ann_date": "20230830",
      "end_date": "20230630",
      "holder_name": "国新投资有限公司",
      "hold_amount": 270406594.0,
      "hold_ratio": 1.6722,
      "hold_float_ratio": 2.11,
      "hold_change": NaN,
      "holder_type": "投资公司"
    },
    {
      "ts_code": "601919.SH",
      "ann_date": "20230830",
      "end_date": "20230630",
      "holder_name": "中国工商银行-上证50交易型开放式指数证券投资基金",
      "hold_amount": 54837097.0,
      "hold_ratio": 0.3391,
      "hold_float_ratio": 0.4279,
      "hold_change": 4728757.0,
      "holder_type": "开放式投资基金"
    },
    {
      "ts_code": "601919.SH",
      "ann_date": "20230830",
      "end_date": "20230630",
      "holder_name": "光大金瓯资产管理有限公司",
      "hold_amount": 44337320.0,
      "hold_ratio": 0.2742,
      "hold_float_ratio": 0.346,
      "hold_change": -713620.0,
      "holder_type": "资产管理公司"
    },
    {
      "ts_code": "601919.SH",
      "ann_date": "20230830",
      "end_date": "20230630",
      "holder_name": "茂名凯雷投资管理有限公司",
      "hold_amount": 32230419.0,
      "hold_ratio": 0.1993,
      "hold_float_ratio": 0.2515,
      "hold_change": 0.0,
      "holder_type": "投资公司"
    },
    {
      "ts_code": "601919.SH",
      "ann_date": "20230331",
      "end_date": "20221231",
      "holder_name": "中国远洋运输有限公司",
      "hold_amount": 5924873037.0,
      "hold_ratio": 36.8122,
      "hold_float_ratio": 46.5058,
      "hold_change": 0.0,
      "holder_type": "一般企业"
    },
    {
      "ts_code": "601919.SH",
      "ann_date": "20230331",
      "end_date": "20221231",
      "holder_name": "HKSCCNomineesLimited",
      "hold_amount": 3344447539.0,
      "hold_ratio": 20.7796,
      "hold_float_ratio": NaN,
      "hold_change": -909800.0,
      "holder_type": "一般企业"
    },
    {
      "ts_code": "601919.SH",
      "ann_date": "20230331",
      "end_date": "20221231",
      "holder_name": "上海汽车工业(集团)有限公司",
      "hold_amount": 804700000.0,
      "hold_ratio": 4.9997,
      "hold_float_ratio": 6.3163,
      "hold_change": NaN,
      "holder_type": "一般企业"
    },
    {
      "ts_code": "601919.SH",
      "ann_date": "20230331",
      "end_date": "20221231",
      "holder_name": "中国远洋海运集团有限公司",
      "hold_amount": 599026973.0,
      "hold_ratio": 3.7219,
      "hold_float_ratio": 4.7019,
      "hold_change": -804700000.0,
      "holder_type": "一般企业"
    },
    {
      "ts_code": "601919.SH",
      "ann_date": "20230331",
      "end_date": "20221231",
      "holder_name": "中国证券金融股份有限公司",
      "hold_amount": 373927475.0,
      "hold_ratio": 2.3233,
      "hold_float_ratio": 2.935,
      "hold_change": 0.0,
      "holder_type": "金融机构—证券公司"
    },
    {
      "ts_code": "601919.SH",
      "ann_date": "20230331",
      "end_date": "20221231",
      "holder_name": "香港中央结算有限公司",
      "hold_amount": 270134173.0,
      "hold_ratio": 1.6784,
      "hold_float_ratio": 2.1203,
      "hold_change": 14080299.0,
      "holder_type": "一般企业"
    },
    {
      "ts_code": "601919.SH",
      "ann_date": "20230331",
      "end_date": "20221231",
      "holder_name": "中国工商银行-上证50交易型开放式指数证券投资基金",
      "hold_amount": 50418940.0,
      "hold_ratio": 0.3133,
      "hold_float_ratio": 0.3958,
      "hold_change": -801560.0,
      "holder_type": "开放式投资基金"
    },
    {
      "ts_code": "601919.SH",
      "ann_date": "20230331",
      "end_date": "20221231",
      "holder_name": "光大金瓯资产管理有限公司",
      "hold_amount": 45189740.0,
      "hold_ratio": 0.2808,
      "hold_float_ratio": 0.3547,
      "hold_change": 0.0,
      "holder_type": "资产管理公司"
    },
    {
      "ts_code": "601919.SH",
      "ann_date": "20230331",
      "end_date": "20221231",
      "holder_name": "交通银行股份有限公司-易方达上证50指数增强型证券投资基金",
      "hold_amount": 37599789.0,
      "hold_ratio": 0.2336,
      "hold_float_ratio": 0.2951,
      "hold_change": -6000023.0,
      "holder_type": "开放式投资基金"
    },
    {
      "ts_code": "601919.SH",
      "ann_date": "20230331",
      "end_date": "20221231",
      "holder_name": "茂名凯雷投资管理有限公司",
      "hold_amount": 32230419.0,
      "hold_ratio": 0.2003,
      "hold_float_ratio": 0.253,
      "hold_change": 0.0,
      "holder_type": "投资公司"
    },
    {
      "ts_code": "601919.SH",
      "ann_date": "20220831",
      "end_date": "20220630",
      "holder_name": "中国远洋运输有限公司",
      "hold_amount": 5924873037.0,
      "hold_ratio": 36.9958,
      "hold_float_ratio": 46.7991,
      "hold_change": 0.0,
      "holder_type": "一般企业"
    },
    {
      "ts_code": "601919.SH",
      "ann_date": "20220831",
      "end_date": "20220630",
      "holder_name": "HKSCCNomineesLimited",
      "hold_amount": 3354780000.0,
      "hold_ratio": 20.9477,
      "hold_float_ratio": NaN,
      "hold_change": 9687211.0,
      "holder_type": "一般企业"
    },
    {
      "ts_code": "601919.SH",
      "ann_date": "20220831",
      "end_date": "20220630",
      "holder_name": "中国远洋海运集团有限公司",
      "hold_amount": 1403726973.0,
      "hold_ratio": 8.7651,
      "hold_float_ratio": 11.0877,
      "hold_change": 23696407.0,
      "holder_type": "一般企业"
    },
    {
      "ts_code": "601919.SH",
      "ann_date": "20220831",
      "end_date": "20220630",
      "holder_name": "中国证券金融股份有限公司",
      "hold_amount": 373927475.0,
      "hold_ratio": 2.3349,
      "hold_float_ratio": 2.9536,
      "hold_change": 0.0,
      "holder_type": "金融机构—证券公司"
    },
    {
      "ts_code": "601919.SH",
      "ann_date": "20220831",
      "end_date": "20220630",
      "holder_name": "香港中央结算有限公司",
      "hold_amount": 276239195.0,
      "hold_ratio": 1.7249,
      "hold_float_ratio": 2.1819,
      "hold_change": 21458656.0,
      "holder_type": "一般企业"
    },
    {
      "ts_code": "601919.SH",
      "ann_date": "20220831",
      "end_date": "20220630",
      "holder_name": "光大金瓯资产管理有限公司",
      "hold_amount": 45189740.0,
      "hold_ratio": 0.2822,
      "hold_float_ratio": 0.3569,
      "hold_change": 0.0,
      "holder_type": "资产管理公司"
    },
    {
      "ts_code": "601919.SH",
      "ann_date": "20220831",
      "end_date": "20220630",
      "holder_name": "申万宏源证券有限公司",
      "hold_amount": 44330804.0,
      "hold_ratio": 0.2768,
      "hold_float_ratio": 0.3502,
      "hold_change": NaN,
      "holder_type": "金融机构—证券公司"
    },
    {
      "ts_code": "601919.SH",
      "ann_date": "20220831",
      "end_date": "20220630",
      "holder_name": "交通银行股份有限公司-易方达上证50指数增强型证券投资基金",
      "hold_amount": 43599812.0,
      "hold_ratio": 0.2722,
      "hold_float_ratio": 0.3444,
      "hold_change": NaN,
      "holder_type": "开放式投资基金"
    },
    {
      "ts_code": "601919.SH",
      "ann_date": "20220831",
      "end_date": "20220630",
      "holder_name": "中国工商银行-上证50交易型开放式指数证券投资基金",
      "hold_amount": 43343420.0,
      "hold_ratio": 0.2706,
      "hold_float_ratio": 0.3424,
      "hold_change": -1475300.0,
      "holder_type": "开放式投资基金"
    },
    {
      "ts_code": "601919.SH",
      "ann_date": "20220831",
      "end_date": "20220630",
      "holder_name": "陈德勇",
      "hold_amount": 41000000.0,
      "hold_ratio": 0.256,
      "hold_float_ratio": 0.3238,
      "hold_change": -503900.0,
      "holder_type": "自然人"
    },
    {
      "ts_code": "601919.SH",
      "ann_date": "20220331",
      "end_date": "20211231",
      "holder_name": "中国远洋运输有限公司",
      "hold_amount": 5924873037.0,
      "hold_ratio": 36.9978,
      "hold_float_ratio": 52.288,
      "hold_change": 0.0,
      "holder_type": "一般企业"
    },
    {
      "ts_code": "601919.SH",
      "ann_date": "20220331",
      "end_date": "20211231",
      "holder_name": "HKSCCNomineesLimited",
      "hold_amount": 3354780000.0,
      "hold_ratio": 20.9489,
      "hold_float_ratio": NaN,
      "hold_change": 0.0,
      "holder_type": "一般企业"
    },
    {
      "ts_code": "601919.SH",
      "ann_date": "20220331",
      "end_date": "20211231",
      "holder_name": "中国证券金融股份有限公司",
      "hold_amount": 373927475.0,
      "hold_ratio": 2.335,
      "hold_float_ratio": 3.3,
      "hold_change": 0.0,
      "holder_type": "金融机构—证券公司"
    },
    {
      "ts_code": "601919.SH",
      "ann_date": "20220331",
      "end_date": "20211231",
      "holder_name": "香港中央结算有限公司",
      "hold_amount": 245232092.0,
      "hold_ratio": 1.5313,
      "hold_float_ratio": 2.1642,
      "hold_change": -81261360.0,
      "holder_type": "一般企业"
    },
    {
      "ts_code": "601919.SH",
      "ann_date": "20220331",
      "end_date": "20211231",
      "holder_name": "中国工商银行-上证50交易型开放式指数证券投资基金",
      "hold_amount": 53551670.0,
      "hold_ratio": 0.3344,
      "hold_float_ratio": 0.4726,
      "hold_change": NaN,
      "holder_type": "开放式投资基金"
    },
    {
      "ts_code": "601919.SH",
      "ann_date": "20220331",
      "end_date": "20211231",
      "holder_name": "光大金瓯资产管理有限公司",
      "hold_amount": 45189740.0,
      "hold_ratio": 0.2822,
      "hold_float_ratio": 0.3988,
      "hold_change": -4187640.0,
      "holder_type": "资产管理公司"
    },
    {
      "ts_code": "601919.SH",
      "ann_date": "20220331",
      "end_date": "20211231",
      "holder_name": "陈德勇",
      "hold_amount": 41553700.0,
      "hold_ratio": 0.2595,
      "hold_float_ratio": 0.3667,
      "hold_change": -1034800.0,
      "holder_type": "自然人"
    },
    {
      "ts_code": "601919.SH",
      "ann_date": "20220331",
      "end_date": "20211231",
      "holder_name": "茂名凯雷投资管理有限公司",
      "hold_amount": 30360119.0,
      "hold_ratio": 0.1896,
      "hold_float_ratio": 0.2679,
      "hold_change": -3409510.0,
      "holder_type": "投资公司"
    },
    {
      "ts_code": "601919.SH",
      "ann_date": "20220331",
      "end_date": "20211231",
      "holder_name": "东方航空产业投资有限公司",
      "hold_amount": 29683278.0,
      "hold_ratio": 0.1854,
      "hold_float_ratio": 0.262,
      "hold_change": -53562953.0,
      "holder_type": "风险投资公司"
    },
    {
      "ts_code": "601919.SH",
      "ann_date": "20220331",
      "end_date": "20211231",
      "holder_name": "中国远洋海运集团有限公司",
      "hold_amount": 1373515666.0,
      "hold_ratio": 8.5769,
      "hold_float_ratio": 0.4007,
      "hold_change": 45400000.0,
      "holder_type": "一般企业"
    },
    {
      "ts_code": "601919.SH",
      "ann_date": "20211030",
      "end_date": "20210930",
      "holder_name": "中国远洋海运集团有限公司",
      "hold_amount": 1328115666.0,
      "hold_ratio": 8.2936,
      "hold_float_ratio": 0.0,
      "hold_change": 306488231.0,
      "holder_type": "一般企业"
    },
    {
      "ts_code": "601919.SH",
      "ann_date": "20210831",
      "end_date": "20210630",
      "holder_name": "HKSCCNomineesLimited",
      "hold_amount": 2580600000.0,
      "hold_ratio": 20.9532,
      "hold_float_ratio": NaN,
      "hold_change": 0.0,
      "holder_type": "一般企业"
    },
    {
      "ts_code": "601919.SH",
      "ann_date": "20210831",
      "end_date": "20210630",
      "holder_name": "中国证券金融股份有限公司",
      "hold_amount": 287636519.0,
      "hold_ratio": 2.3355,
      "hold_float_ratio": 3.3009,
      "hold_change": 0.0,
      "holder_type": "金融机构—证券公司"
    },
    {
      "ts_code": "601919.SH",
      "ann_date": "20210831",
      "end_date": "20210630",
      "holder_name": "香港中央结算有限公司",
      "hold_amount": 285325725.0,
      "hold_ratio": 2.3167,
      "hold_float_ratio": 3.2744,
      "hold_change": 34886057.0,
      "holder_type": "一般企业"
    },
    {
      "ts_code": "601919.SH",
      "ann_date": "20210831",
      "end_date": "20210630",
      "holder_name": "武钢集团有限公司",
      "hold_amount": 250000000.0,
      "hold_ratio": 2.0299,
      "hold_float_ratio": 2.869,
      "hold_change": 0.0,
      "holder_type": "一般企业"
    },
    {
      "ts_code": "601919.SH",
      "ann_date": "20210831",
      "end_date": "20210630",
      "holder_name": "东方航空产业投资有限公司",
      "hold_amount": 73753103.0,
      "hold_ratio": 0.5988,
      "hold_float_ratio": 0.8464,
      "hold_change": -38680804.0,
      "holder_type": "风险投资公司"
    },
    {
      "ts_code": "601919.SH",
      "ann_date": "20210831",
      "end_date": "20210630",
      "holder_name": "光大金瓯资产管理有限公司",
      "hold_amount": 37982600.0,
      "hold_ratio": 0.3084,
      "hold_float_ratio": 0.4359,
      "hold_change": NaN,
      "holder_type": "资产管理公司"
    },
    {
      "ts_code": "601919.SH",
      "ann_date": "20210831",
      "end_date": "20210630",
      "holder_name": "中船投资发展有限公司",
      "hold_amount": 33653317.0,
      "hold_ratio": 0.2732,
      "hold_float_ratio": 0.3862,
      "hold_change": -24042900.0,
      "holder_type": "投资公司"
    },
    {
      "ts_code": "601919.SH",
      "ann_date": "20210831",
      "end_date": "20210630",
      "holder_name": "陈德勇",
      "hold_amount": 27767400.0,
      "hold_ratio": 0.2255,
      "hold_float_ratio": 0.3187,
      "hold_change": NaN,
      "holder_type": "自然人"
    },
    {
      "ts_code": "601919.SH",
      "ann_date": "20210831",
      "end_date": "20210630",
      "holder_name": "中国远洋海运集团有限公司",
      "hold_amount": 1021627435.0,
      "hold_ratio": 8.2951,
      "hold_float_ratio": 0.0,
      "hold_change": 0.0,
      "holder_type": "一般企业"
    },
    {
      "ts_code": "601919.SH",
      "ann_date": "20210831",
      "end_date": "20210630",
      "holder_name": "中国远洋运输有限公司",
      "hold_amount": 4557594644.0,
      "hold_ratio": 37.0055,
      "hold_float_ratio": 52.3034,
      "hold_change": 0.0,
      "holder_type": "一般企业"
    },
    {
      "ts_code": "601919.SH",
      "ann_date": "20210430",
      "end_date": "20210331",
      "holder_name": "中国远洋海运集团有限公司",
      "hold_amount": 1021627435.0,
      "hold_ratio": 8.3333,
      "hold_float_ratio": 0.0,
      "hold_change": 0.0,
      "holder_type": "一般企业"
    },
    {
      "ts_code": "601919.SH",
      "ann_date": "20210331",
      "end_date": "20201231",
      "holder_name": "中国远洋海运集团有限公司",
      "hold_amount": 1021627435.0,
      "hold_ratio": 8.3333,
      "hold_float_ratio": 0.0,
      "hold_change": 0.0,
      "holder_type": "一般企业"
    },
    {
      "ts_code": "601919.SH",
      "ann_date": "20210331",
      "end_date": "20201231",
      "holder_name": "中国远洋运输有限公司",
      "hold_amount": 4557594644.0,
      "hold_ratio": 37.1759,
      "hold_float_ratio": 52.6445,
      "hold_change": 0.0,
      "holder_type": "一般企业"
    },
    {
      "ts_code": "601919.SH",
      "ann_date": "20210331",
      "end_date": "20201231",
      "holder_name": "HKSCCNOMINEESLIMITED",
      "hold_amount": 2580600000.0,
      "hold_ratio": 21.0497,
      "hold_float_ratio": NaN,
      "hold_change": 0.0,
      "holder_type": "一般企业"
    },
    {
      "ts_code": "601919.SH",
      "ann_date": "20210331",
      "end_date": "20201231",
      "holder_name": "中国证券金融股份有限公司",
      "hold_amount": 305990519.0,
      "hold_ratio": 2.4959,
      "hold_float_ratio": 3.5345,
      "hold_change": 0.0,
      "holder_type": "金融机构—证券公司"
    },
    {
      "ts_code": "601919.SH",
      "ann_date": "20210331",
      "end_date": "20201231",
      "holder_name": "香港中央结算有限公司",
      "hold_amount": 296468225.0,
      "hold_ratio": 2.4183,
      "hold_float_ratio": 3.4245,
      "hold_change": 179146810.0,
      "holder_type": "一般企业"
    },
    {
      "ts_code": "601919.SH",
      "ann_date": "20210331",
      "end_date": "20201231",
      "holder_name": "武钢集团有限公司",
      "hold_amount": 250000000.0,
      "hold_ratio": 2.0392,
      "hold_float_ratio": 2.8877,
      "hold_change": 0.0,
      "holder_type": "一般企业"
    },
    {
      "ts_code": "601919.SH",
      "ann_date": "20210331",
      "end_date": "20201231",
      "holder_name": "东方航空产业投资有限公司",
      "hold_amount": 112433907.0,
      "hold_ratio": 0.9171,
      "hold_float_ratio": 1.2987,
      "hold_change": -112433817.0,
      "holder_type": "风险投资公司"
    },
    {
      "ts_code": "601919.SH",
      "ann_date": "20210331",
      "end_date": "20201231",
      "holder_name": "宁波梅山保税港区信达盈新投资合伙企业(有限合伙)",
      "hold_amount": 66137599.0,
      "hold_ratio": 0.5395,
      "hold_float_ratio": 0.764,
      "hold_change": NaN,
      "holder_type": "投资公司"
    },
    {
      "ts_code": "601919.SH",
      "ann_date": "20210331",
      "end_date": "20201231",
      "holder_name": "中国国有企业结构调整基金股份有限公司",
      "hold_amount": 59523834.0,
      "hold_ratio": 0.4855,
      "hold_float_ratio": 0.6876,
      "hold_change": NaN,
      "holder_type": "一般企业"
    },
    {
      "ts_code": "601919.SH",
      "ann_date": "20210331",
      "end_date": "20201231",
      "holder_name": "中船投资发展有限公司",
      "hold_amount": 57696217.0,
      "hold_ratio": 0.4706,
      "hold_float_ratio": 0.6664,
      "hold_change": -90479499.0,
      "holder_type": "投资公司"
    },
    {
      "ts_code": "601919.SH",
      "ann_date": "20201031",
      "end_date": "20200930",
      "holder_name": "中国远洋海运集团有限公司",
      "hold_amount": 1021627435.0,
      "hold_ratio": 8.3333,
      "hold_float_ratio": NaN,
      "hold_change": 0.0,
      "holder_type": "一般企业"
    },
    {
      "ts_code": "601919.SH",
      "ann_date": "20200829",
      "end_date": "20200630",
      "holder_name": "中国远洋海运集团有限公司",
      "hold_amount": 1021627435.0,
      "hold_ratio": 8.3333,
      "hold_float_ratio": NaN,
      "hold_change": 0.0,
      "holder_type": "一般企业"
    },
    {
      "ts_code": "601919.SH",
      "ann_date": "20200430",
      "end_date": "20200331",
      "holder_name": "中国远洋海运集团有限公司",
      "hold_amount": 1021627435.0,
      "hold_ratio": 8.3333,
      "hold_float_ratio": NaN,
      "hold_change": 0.0,
      "holder_type": "一般企业"
    },
    {
      "ts_code": "601919.SH",
      "ann_date": "20200331",
      "end_date": "20191231",
      "holder_name": "中国远洋海运集团有限公司",
      "hold_amount": 1021627435.0,
      "hold_ratio": 8.3333,
      "hold_float_ratio": 0.0,
      "hold_change": 0.0,
      "holder_type": "一般企业"
    },
    {
      "ts_code": "601919.SH",
      "ann_date": "20200331",
      "end_date": "20191231",
      "holder_name": "东方航空产业投资有限公司",
      "hold_amount": 224867724.0,
      "hold_ratio": 1.8342,
      "hold_float_ratio": 0.0,
      "hold_change": 0.0,
      "holder_type": "风险投资公司"
    },
    {
      "ts_code": "601919.SH",
      "ann_date": "20200331",
      "end_date": "20191231",
      "holder_name": "宁波梅山保税港区信达盈新投资合伙企业(有限合伙)",
      "hold_amount": 132275132.0,
      "hold_ratio": 1.079,
      "hold_float_ratio": 0.0,
      "hold_change": 0.0,
      "holder_type": "投资、咨询公司"
    },
    {
      "ts_code": "601919.SH",
      "ann_date": "20200331",
      "end_date": "20191231",
      "holder_name": "中国国有企业结构调整基金股份有限公司",
      "hold_amount": 119047619.0,
      "hold_ratio": 0.9711,
      "hold_float_ratio": 0.0,
      "hold_change": 0.0,
      "holder_type": "一般企业"
    },
    {
      "ts_code": "601919.SH",
      "ann_date": "20191031",
      "end_date": "20190930",
      "holder_name": "中国远洋海运集团有限公司",
      "hold_amount": 1021627435.0,
      "hold_ratio": 8.3333,
      "hold_float_ratio": NaN,
      "hold_change": 0.0,
      "holder_type": "一般企业"
    },
    {
      "ts_code": "601919.SH",
      "ann_date": "20191031",
      "end_date": "20190930",
      "holder_name": "东方航空产业投资有限公司",
      "hold_amount": 224867724.0,
      "hold_ratio": 1.8342,
      "hold_float_ratio": NaN,
      "hold_change": 0.0,
      "holder_type": "风险投资公司"
    },
    {
      "ts_code": "601919.SH",
      "ann_date": "20191031",
      "end_date": "20190930",
      "holder_name": "宁波梅山保税港区信达盈新投资合伙企业(有限合伙)",
      "hold_amount": 132275132.0,
      "hold_ratio": 1.079,
      "hold_float_ratio": NaN,
      "hold_change": 0.0,
      "holder_type": "投资、咨询公司"
    },
    {
      "ts_code": "601919.SH",
      "ann_date": "20191031",
      "end_date": "20190930",
      "holder_name": "中国国有企业结构调整基金股份有限公司",
      "hold_amount": 119047619.0,
      "hold_ratio": 0.9711,
      "hold_float_ratio": NaN,
      "hold_change": 0.0,
      "holder_type": "一般企业"
    },
    {
      "ts_code": "601919.SH",
      "ann_date": "20190831",
      "end_date": "20190630",
      "holder_name": "中国远洋海运集团有限公司",
      "hold_amount": 1021627435.0,
      "hold_ratio": 8.3333,
      "hold_float_ratio": NaN,
      "hold_change": 0.0,
      "holder_type": "一般企业"
    },
    {
      "ts_code": "601919.SH",
      "ann_date": "20190831",
      "end_date": "20190630",
      "holder_name": "东方航空产业投资有限公司",
      "hold_amount": 224867724.0,
      "hold_ratio": 1.8342,
      "hold_float_ratio": NaN,
      "hold_change": 0.0,
      "holder_type": "风险投资公司"
    },
    {
      "ts_code": "601919.SH",
      "ann_date": "20190831",
      "end_date": "20190630",
      "holder_name": "宁波梅山保税港区信达盈新投资合伙企业(有限合伙)",
      "hold_amount": 132275132.0,
      "hold_ratio": 1.079,
      "hold_float_ratio": NaN,
      "hold_change": 0.0,
      "holder_type": "投资、咨询公司"
    },
    {
      "ts_code": "601919.SH",
      "ann_date": "20190831",
      "end_date": "20190630",
      "holder_name": "中国国有企业结构调整基金股份有限公司",
      "hold_amount": 119047619.0,
      "hold_ratio": 0.9711,
      "hold_float_ratio": NaN,
      "hold_change": 0.0,
      "holder_type": "一般企业"
    },
    {
      "ts_code": "601919.SH",
      "ann_date": "20190427",
      "end_date": "20190331",
      "holder_name": "中国远洋海运集团有限公司",
      "hold_amount": 1021627435.0,
      "hold_ratio": 8.3333,
      "hold_float_ratio": NaN,
      "hold_change": 0.0,
      "holder_type": "一般企业"
    },
    {
      "ts_code": "601919.SH",
      "ann_date": "20190427",
      "end_date": "20190331",
      "holder_name": "东方航空产业投资有限公司",
      "hold_amount": 224867724.0,
      "hold_ratio": 1.8342,
      "hold_float_ratio": NaN,
      "hold_change": 0.0,
      "holder_type": "风险投资公司"
    },
    {
      "ts_code": "601919.SH",
      "ann_date": "20190427",
      "end_date": "20190331",
      "holder_name": "宁波梅山保税港区信达盈新投资合伙企业(有限合伙)",
      "hold_amount": 132275132.0,
      "hold_ratio": 1.079,
      "hold_float_ratio": NaN,
      "hold_change": 0.0,
      "holder_type": "投资、咨询公司"
    },
    {
      "ts_code": "601919.SH",
      "ann_date": "20190427",
      "end_date": "20190331",
      "holder_name": "中国国有企业结构调整基金股份有限公司",
      "hold_amount": 119047619.0,
      "hold_ratio": 0.9711,
      "hold_float_ratio": NaN,
      "hold_change": 0.0,
      "holder_type": "一般企业"
    },
    {
      "ts_code": "601919.SH",
      "ann_date": "20190126",
      "end_date": "20190124",
      "holder_name": "宁波梅山保税港区信达盈新投资合伙企业(有限合伙)",
      "hold_amount": 132275132.0,
      "hold_ratio": 1.079,
      "hold_float_ratio": NaN,
      "hold_change": NaN,
      "holder_type": "投资、咨询公司"
    },
    {
      "ts_code": "601919.SH",
      "ann_date": "20190126",
      "end_date": "20190124",
      "holder_name": "中国国有企业结构调整基金股份有限公司",
      "hold_amount": 119047619.0,
      "hold_ratio": 0.9711,
      "hold_float_ratio": NaN,
      "hold_change": NaN,
      "holder_type": "一般企业"
    },
    {
      "ts_code": "601919.SH",
      "ann_date": "20190126",
      "end_date": "20190124",
      "holder_name": "中国远洋运输有限公司",
      "hold_amount": 4557594644.0,
      "hold_ratio": 37.1759,
      "hold_float_ratio": 59.6882,
      "hold_change": 0.0,
      "holder_type": "一般企业"
    },
    {
      "ts_code": "601919.SH",
      "ann_date": "20190126",
      "end_date": "20190124",
      "holder_name": "HKSCCNOMINEESLIMITED",
      "hold_amount": 2580600000.0,
      "hold_ratio": 21.0497,
      "hold_float_ratio": NaN,
      "hold_change": 0.0,
      "holder_type": "一般企业"
    },
    {
      "ts_code": "601919.SH",
      "ann_date": "20190126",
      "end_date": "20190124",
      "holder_name": "中国远洋海运集团有限公司",
      "hold_amount": 1021627435.0,
      "hold_ratio": 8.3333,
      "hold_float_ratio": NaN,
      "hold_change": NaN,
      "holder_type": "一般企业"
    },
    {
      "ts_code": "601919.SH",
      "ann_date": "20190126",
      "end_date": "20190124",
      "holder_name": "北京诚通金控投资有限公司",
      "hold_amount": 306488200.0,
      "hold_ratio": 2.5,
      "hold_float_ratio": 4.0139,
      "hold_change": 0.0,
      "holder_type": "投资、咨询公司"
    },
    {
      "ts_code": "601919.SH",
      "ann_date": "20190126",
      "end_date": "20190124",
      "holder_name": "中国证券金融股份有限公司",
      "hold_amount": 305990519.0,
      "hold_ratio": 2.4959,
      "hold_float_ratio": 4.0074,
      "hold_change": 0.0,
      "holder_type": "金融机构—证券公司"
    },
    {
      "ts_code": "601919.SH",
      "ann_date": "20190126",
      "end_date": "20190124",
      "holder_name": "武汉钢铁(集团)公司",
      "hold_amount": 250000000.0,
      "hold_ratio": 2.0392,
      "hold_float_ratio": 3.2741,
      "hold_change": 0.0,
      "holder_type": "一般企业"
    },
    {
      "ts_code": "601919.SH",
      "ann_date": "20190126",
      "end_date": "20190124",
      "holder_name": "东方航空产业投资有限公司",
      "hold_amount": 224867724.0,
      "hold_ratio": 1.8342,
      "hold_float_ratio": NaN,
      "hold_change": NaN,
      "holder_type": "风险投资公司"
    },
    {
      "ts_code": "601919.SH",
      "ann_date": "20190126",
      "end_date": "20190124",
      "holder_name": "中国船舶工业集团有限公司",
      "hold_amount": 204000000.0,
      "hold_ratio": 1.664,
      "hold_float_ratio": 2.6717,
      "hold_change": 0.0,
      "holder_type": "一般企业"
    },
    {
      "ts_code": "601919.SH",
      "ann_date": "20140430",
      "end_date": "20140331",
      "holder_name": "全国社会保障基金理事会转持二户",
      "hold_amount": 178386745.0,
      "hold_ratio": 1.7461,
      "hold_float_ratio": 0.2496,
      "hold_change": 0.0,
      "holder_type": "社保基金、社保机构"
    },
    {
      "ts_code": "601919.SH",
      "ann_date": "20140328",
      "end_date": "20131231",
      "holder_name": "全国社会保障基金理事会转持二户",
      "hold_amount": 178386745.0,
      "hold_ratio": 1.7461,
      "hold_float_ratio": 0.2496,
      "hold_change": 0.0,
      "holder_type": "社保基金、社保机构"
    },
    {
      "ts_code": "601919.SH",
      "ann_date": "20131031",
      "end_date": "20130930",
      "holder_name": "全国社会保障基金理事会转持二户",
      "hold_amount": 178386745.0,
      "hold_ratio": 1.7461,
      "hold_float_ratio": 0.2496,
      "hold_change": 0.0,
      "holder_type": "社保基金、社保机构"
    },
    {
      "ts_code": "601919.SH",
      "ann_date": "20130830",
      "end_date": "20130630",
      "holder_name": "全国社会保障基金理事会转持二户",
      "hold_amount": 178386745.0,
      "hold_ratio": 1.7461,
      "hold_float_ratio": 0.2496,
      "hold_change": 0.0,
      "holder_type": "社保基金、社保机构"
    },
    {
      "ts_code": "601919.SH",
      "ann_date": "20130328",
      "end_date": "20121231",
      "holder_name": "全国社会保障基金理事会转持二户",
      "hold_amount": 178386745.0,
      "hold_ratio": 1.7461,
      "hold_float_ratio": 0.2496,
      "hold_change": 0.0,
      "holder_type": "社保基金、社保机构"
    },
    {
      "ts_code": "601919.SH",
      "ann_date": "20120830",
      "end_date": "20120630",
      "holder_name": "全国社会保障基金理事会转持二户",
      "hold_amount": 178386745.0,
      "hold_ratio": 1.7461,
      "hold_float_ratio": 0.2496,
      "hold_change": 0.0,
      "holder_type": "社保基金、社保机构"
    },
    {
      "ts_code": "601919.SH",
      "ann_date": "20120330",
      "end_date": "20111231",
      "holder_name": "全国社会保障基金理事会转持二户",
      "hold_amount": 178386745.0,
      "hold_ratio": 1.7461,
      "hold_float_ratio": 0.2496,
      "hold_change": 0.0,
      "holder_type": "社保基金、社保机构"
    },
    {
      "ts_code": "601919.SH",
      "ann_date": "20110826",
      "end_date": "20110630",
      "holder_name": "全国社会保障基金理事会转持二户",
      "hold_amount": 178386745.0,
      "hold_ratio": 1.7461,
      "hold_float_ratio": 0.2496,
      "hold_change": 0.0,
      "holder_type": "社保基金、社保机构"
    },
    {
      "ts_code": "601919.SH",
      "ann_date": "20110330",
      "end_date": "20101231",
      "holder_name": "全国社会保障基金理事会转持二户",
      "hold_amount": 178386745.0,
      "hold_ratio": 1.7461,
      "hold_float_ratio": 0.2496,
      "hold_change": 0.0,
      "holder_type": "社保基金、社保机构"
    },
    {
      "ts_code": "601919.SH",
      "ann_date": "20100826",
      "end_date": "20100630",
      "holder_name": "中国远洋运输(集团)总公司",
      "hold_amount": 5313082844.0,
      "hold_ratio": 52.0061,
      "hold_float_ratio": 0.0,
      "hold_change": 0.0,
      "holder_type": "一般企业"
    },
    {
      "ts_code": "601919.SH",
      "ann_date": "20100826",
      "end_date": "20100630",
      "holder_name": "全国社会保障基金理事会转持二户",
      "hold_amount": 178386745.0,
      "hold_ratio": 1.7461,
      "hold_float_ratio": 0.0,
      "hold_change": 0.0,
      "holder_type": "社保基金、社保机构"
    },
    {
      "ts_code": "601919.SH",
      "ann_date": "20100423",
      "end_date": "20091231",
      "holder_name": "中国远洋运输(集团)总公司",
      "hold_amount": 5313082844.0,
      "hold_ratio": 52.0061,
      "hold_float_ratio": 0.0,
      "hold_change": -178386745.0,
      "holder_type": "一般企业"
    },
    {
      "ts_code": "601919.SH",
      "ann_date": "20100423",
      "end_date": "20091231",
      "holder_name": "全国社会保障基金理事会转持二户",
      "hold_amount": 178386745.0,
      "hold_ratio": 1.7461,
      "hold_float_ratio": 0.0,
      "hold_change": NaN,
      "holder_type": "社保基金、社保机构"
    },
    {
      "ts_code": "601919.SH",
      "ann_date": "20090828",
      "end_date": "20090630",
      "holder_name": "中国远洋运输(集团)总公司",
      "hold_amount": 5491469589.0,
      "hold_ratio": 53.7522,
      "hold_float_ratio": 0.0,
      "hold_change": 0.0,
      "holder_type": "一般企业"
    },
    {
      "ts_code": "601919.SH",
      "ann_date": "20090423",
      "end_date": "20081231",
      "holder_name": "中国远洋运输(集团)总公司",
      "hold_amount": 5491469589.0,
      "hold_ratio": 53.7522,
      "hold_float_ratio": 0.0,
      "hold_change": 18662678.0,
      "holder_type": "一般企业"
    },
    {
      "ts_code": "601919.SH",
      "ann_date": "20080827",
      "end_date": "20080630",
      "holder_name": "中国远洋运输(集团)总公司",
      "hold_amount": 5472806911.0,
      "hold_ratio": 53.5695,
      "hold_float_ratio": 0.0,
      "hold_change": 0.0,
      "holder_type": "一般企业"
    },
    {
      "ts_code": "601919.SH",
      "ann_date": "20080827",
      "end_date": "20080630",
      "holder_name": "中国机械工业集团公司",
      "hold_amount": 80000000.0,
      "hold_ratio": 0.7831,
      "hold_float_ratio": 2.2423,
      "hold_change": -207000.0,
      "holder_type": "一般企业"
    },
    {
      "ts_code": "601919.SH",
      "ann_date": "20080827",
      "end_date": "20080630",
      "holder_name": "中粮集团有限公司",
      "hold_amount": 80000000.0,
      "hold_ratio": 0.7831,
      "hold_float_ratio": 2.2423,
      "hold_change": 0.0,
      "holder_type": "一般企业"
    },
    {
      "ts_code": "601919.SH",
      "ann_date": "20080827",
      "end_date": "20080630",
      "holder_name": "中国核工业集团公司",
      "hold_amount": 72000000.0,
      "hold_ratio": 0.7048,
      "hold_float_ratio": 2.2423,
      "hold_change": 0.0,
      "holder_type": "一般企业"
    },
    {
      "ts_code": "601919.SH",
      "ann_date": "20080827",
      "end_date": "20080630",
      "holder_name": "中国人寿资产管理有限公司",
      "hold_amount": 70000000.0,
      "hold_ratio": 0.6852,
      "hold_float_ratio": 0.0,
      "hold_change": NaN,
      "holder_type": "金融机构—保险公司"
    },
    {
      "ts_code": "601919.SH",
      "ann_date": "20080827",
      "end_date": "20080630",
      "holder_name": "中国中化集团公司",
      "hold_amount": 50000000.0,
      "hold_ratio": 0.4894,
      "hold_float_ratio": 0.0,
      "hold_change": 0.0,
      "holder_type": "一般企业"
    },
    {
      "ts_code": "601919.SH",
      "ann_date": "20080827",
      "end_date": "20080630",
      "holder_name": "南方基金管理有限公司",
      "hold_amount": 45000000.0,
      "hold_ratio": 0.4405,
      "hold_float_ratio": 0.0,
      "hold_change": NaN,
      "holder_type": "基金管理公司"
    },
    {
      "ts_code": "601919.SH",
      "ann_date": "20080827",
      "end_date": "20080630",
      "holder_name": "航天科技财务有限责任公司",
      "hold_amount": 40000000.0,
      "hold_ratio": 0.3915,
      "hold_float_ratio": 0.0,
      "hold_change": 0.0,
      "holder_type": "财务公司"
    },
    {
      "ts_code": "601919.SH",
      "ann_date": "20080423",
      "end_date": "20071231",
      "holder_name": "中国远洋运输(集团)总公司",
      "hold_amount": 5472806911.0,
      "hold_ratio": 53.5695,
      "hold_float_ratio": 0.0,
      "hold_change": 0.0,
      "holder_type": "一般企业"
    },
    {
      "ts_code": "601919.SH",
      "ann_date": "20080423",
      "end_date": "20071231",
      "holder_name": "中国机械工业集团公司",
      "hold_amount": 80207000.0,
      "hold_ratio": 0.7851,
      "hold_float_ratio": 0.0166,
      "hold_change": 0.0,
      "holder_type": "一般企业"
    },
    {
      "ts_code": "601919.SH",
      "ann_date": "20080423",
      "end_date": "20071231",
      "holder_name": "中粮集团有限公司",
      "hold_amount": 80000000.0,
      "hold_ratio": 0.7831,
      "hold_float_ratio": 0.0,
      "hold_change": 0.0,
      "holder_type": "一般企业"
    },
    {
      "ts_code": "601919.SH",
      "ann_date": "20080423",
      "end_date": "20071231",
      "holder_name": "中国核工业集团公司",
      "hold_amount": 72000000.0,
      "hold_ratio": 0.7048,
      "hold_float_ratio": 0.0,
      "hold_change": 0.0,
      "holder_type": "一般企业"
    },
    {
      "ts_code": "601919.SH",
      "ann_date": "20080423",
      "end_date": "20071231",
      "holder_name": "中国中化集团公司",
      "hold_amount": 50000000.0,
      "hold_ratio": 0.4894,
      "hold_float_ratio": 0.0,
      "hold_change": 0.0,
      "holder_type": "一般企业"
    },
    {
      "ts_code": "601919.SH",
      "ann_date": "20080423",
      "end_date": "20071231",
      "holder_name": "中国人寿保险股份有限公司-分红-个人分红-005LFH002沪",
      "hold_amount": 42362289.0,
      "hold_ratio": 0.4147,
      "hold_float_ratio": 0.2676,
      "hold_change": 0.0,
      "holder_type": "保险投资组合"
    },
    {
      "ts_code": "601919.SH",
      "ann_date": "20080423",
      "end_date": "20071231",
      "holder_name": "航天科技财务有限责任公司",
      "hold_amount": 40000000.0,
      "hold_ratio": 0.3915,
      "hold_float_ratio": 0.0,
      "hold_change": 0.0,
      "holder_type": "财务公司"
    },
    {
      "ts_code": "601919.SH",
      "ann_date": "20080423",
      "end_date": "20071231",
      "holder_name": "中国中煤能源股份有限公司",
      "hold_amount": 40000000.0,
      "hold_ratio": 0.3915,
      "hold_float_ratio": 0.0,
      "hold_change": 0.0,
      "holder_type": "一般企业"
    },
    {
      "ts_code": "601919.SH",
      "ann_date": "20071229",
      "end_date": "20071227",
      "holder_name": "中国远洋运输(集团)总公司",
      "hold_amount": 5472806911.0,
      "hold_ratio": 53.5695,
      "hold_float_ratio": 0.0,
      "hold_change": 53666307.0,
      "holder_type": "一般企业"
    },
    {
      "ts_code": "601919.SH",
      "ann_date": "20071229",
      "end_date": "20071227",
      "holder_name": "HKSCCNOMINEESLIMITED",
      "hold_amount": 2467274785.0,
      "hold_ratio": 24.1504,
      "hold_float_ratio": NaN,
      "hold_change": -22995550.0,
      "holder_type": "一般企业"
    },
    {
      "ts_code": "601919.SH",
      "ann_date": "20071229",
      "end_date": "20071227",
      "holder_name": "中国机械工业集团公司",
      "hold_amount": 80207000.0,
      "hold_ratio": 0.7851,
      "hold_float_ratio": 0.0166,
      "hold_change": 40000000.0,
      "holder_type": "一般企业"
    },
    {
      "ts_code": "601919.SH",
      "ann_date": "20071229",
      "end_date": "20071227",
      "holder_name": "中粮集团有限公司",
      "hold_amount": 80000000.0,
      "hold_ratio": 0.7831,
      "hold_float_ratio": 0.0,
      "hold_change": 40000000.0,
      "holder_type": "一般企业"
    },
    {
      "ts_code": "601919.SH",
      "ann_date": "20071229",
      "end_date": "20071227",
      "holder_name": "中国核工业集团公司",
      "hold_amount": 72000000.0,
      "hold_ratio": 0.7048,
      "hold_float_ratio": 0.0,
      "hold_change": 32000000.0,
      "holder_type": "一般企业"
    },
    {
      "ts_code": "601919.SH",
      "ann_date": "20071229",
      "end_date": "20071227",
      "holder_name": "RHINEOFFICEINVESTMENTSLIMITED",
      "hold_amount": 69294050.0,
      "hold_ratio": 0.6783,
      "hold_float_ratio": NaN,
      "hold_change": 0.0,
      "holder_type": "一般企业"
    },
    {
      "ts_code": "601919.SH",
      "ann_date": "20071229",
      "end_date": "20071227",
      "holder_name": "中国中化集团公司",
      "hold_amount": 50000000.0,
      "hold_ratio": 0.4894,
      "hold_float_ratio": 0.0,
      "hold_change": NaN,
      "holder_type": "一般企业"
    },
    {
      "ts_code": "601919.SH",
      "ann_date": "20071229",
      "end_date": "20071227",
      "holder_name": "中国人寿保险股份有限公司-分红-个人分红-005L-FH002沪",
      "hold_amount": 42362289.0,
      "hold_ratio": 0.4147,
      "hold_float_ratio": 0.2676,
      "hold_change": NaN,
      "holder_type": "保险投资组合"
    },
    {
      "ts_code": "601919.SH",
      "ann_date": "20071229",
      "end_date": "20071227",
      "holder_name": "中国中煤能源股份有限公司",
      "hold_amount": 40000000.0,
      "hold_ratio": 0.3915,
      "hold_float_ratio": 0.0,
      "hold_change": 0.0,
      "holder_type": "一般企业"
    },
    {
      "ts_code": "601919.SH",
      "ann_date": "20071229",
      "end_date": "20071227",
      "holder_name": "航天科技财务有限责任公司",
      "hold_amount": 40000000.0,
      "hold_ratio": 0.3915,
      "hold_float_ratio": 0.0,
      "hold_change": NaN,
      "holder_type": "财务公司"
    },
    {
      "ts_code": "601919.SH",
      "ann_date": "20071221",
      "end_date": "20071219",
      "holder_name": "中国远洋运输(集团)总公司",
      "hold_amount": 5419140604.0,
      "hold_ratio": 55.39,
      "hold_float_ratio": 0.0,
      "hold_change": 864270817.0,
      "holder_type": "一般企业"
    },
    {
      "ts_code": "601919.SH",
      "ann_date": "20071221",
      "end_date": "20071219",
      "holder_name": "HKSCCNOMINEESLIMITED",
      "hold_amount": 2490270335.0,
      "hold_ratio": 25.4535,
      "hold_float_ratio": NaN,
      "hold_change": 89150000.0,
      "holder_type": "一般企业"
    },
    {
      "ts_code": "601919.SH",
      "ann_date": "20071221",
      "end_date": "20071219",
      "holder_name": "RHINEOFFICEINVESTMENTSLIMITED",
      "hold_amount": 69294050.0,
      "hold_ratio": 0.7083,
      "hold_float_ratio": NaN,
      "hold_change": -89000000.0,
      "holder_type": "一般企业"
    },
    {
      "ts_code": "601919.SH",
      "ann_date": "20071221",
      "end_date": "20071219",
      "holder_name": "中国机械工业集团公司",
      "hold_amount": 40207000.0,
      "hold_ratio": 0.411,
      "hold_float_ratio": 0.0166,
      "hold_change": 0.0,
      "holder_type": "一般企业"
    },
    {
      "ts_code": "601919.SH",
      "ann_date": "20071221",
      "end_date": "20071219",
      "holder_name": "中国中煤能源股份有限公司",
      "hold_amount": 40000000.0,
      "hold_ratio": 0.4088,
      "hold_float_ratio": 0.0,
      "hold_change": 0.0,
      "holder_type": "一般企业"
    },
    {
      "ts_code": "601919.SH",
      "ann_date": "20071221",
      "end_date": "20071219",
      "holder_name": "中粮集团有限公司",
      "hold_amount": 40000000.0,
      "hold_ratio": 0.4088,
      "hold_float_ratio": 0.0,
      "hold_change": 0.0,
      "holder_type": "一般企业"
    },
    {
      "ts_code": "601919.SH",
      "ann_date": "20071221",
      "end_date": "20071219",
      "holder_name": "中国核工业集团公司",
      "hold_amount": 40000000.0,
      "hold_ratio": 0.4088,
      "hold_float_ratio": 0.0,
      "hold_change": 0.0,
      "holder_type": "一般企业"
    },
    {
      "ts_code": "601919.SH",
      "ann_date": "20071221",
      "end_date": "20071219",
      "holder_name": "兵器财务有限责任公司",
      "hold_amount": 30000000.0,
      "hold_ratio": 0.3066,
      "hold_float_ratio": 0.0,
      "hold_change": 0.0,
      "holder_type": "财务公司"
    },
    {
      "ts_code": "601919.SH",
      "ann_date": "20071221",
      "end_date": "20071219",
      "holder_name": "一汽财务有限公司",
      "hold_amount": 30000000.0,
      "hold_ratio": 0.3066,
      "hold_float_ratio": 0.0,
      "hold_change": 0.0,
      "holder_type": "财务公司"
    },
    {
      "ts_code": "601919.SH",
      "ann_date": "20071221",
      "end_date": "20071219",
      "holder_name": "中国船舶重工集团公司",
      "hold_amount": 30000000.0,
      "hold_ratio": 0.3066,
      "hold_float_ratio": 0.0,
      "hold_change": 0.0,
      "holder_type": "一般企业"
    },
    {
      "ts_code": "601919.SH",
      "ann_date": "20071221",
      "end_date": "20071123",
      "holder_name": "中国远洋运输(集团)总公司",
      "hold_amount": 4554869787.0,
      "hold_ratio": 51.0674,
      "hold_float_ratio": 0.0,
      "hold_change": 0.0,
      "holder_type": "一般企业"
    },
    {
      "ts_code": "601919.SH",
      "ann_date": "20071221",
      "end_date": "20071123",
      "holder_name": "HKSCCNOMINEESLIMITED",
      "hold_amount": 2401120335.0,
      "hold_ratio": 26.9204,
      "hold_float_ratio": NaN,
      "hold_change": 146414000.0,
      "holder_type": "一般企业"
    },
    {
      "ts_code": "601919.SH",
      "ann_date": "20071221",
      "end_date": "20071123",
      "holder_name": "RHINEOFFICEINVESTMENTSLIMITED",
      "hold_amount": 158294050.0,
      "hold_ratio": 1.7747,
      "hold_float_ratio": NaN,
      "hold_change": 0.0,
      "holder_type": "一般企业"
    },
    {
      "ts_code": "601919.SH",
      "ann_date": "20071221",
      "end_date": "20071123",
      "holder_name": "中国机械工业集团公司",
      "hold_amount": 40207000.0,
      "hold_ratio": 0.4508,
      "hold_float_ratio": 0.0166,
      "hold_change": 0.0,
      "holder_type": "一般企业"
    },
    {
      "ts_code": "601919.SH",
      "ann_date": "20071221",
      "end_date": "20071123",
      "holder_name": "中国中煤能源股份有限公司",
      "hold_amount": 40000000.0,
      "hold_ratio": 0.4485,
      "hold_float_ratio": 0.0,
      "hold_change": 0.0,
      "holder_type": "一般企业"
    },
    {
      "ts_code": "601919.SH",
      "ann_date": "20071221",
      "end_date": "20071123",
      "holder_name": "中粮集团有限公司",
      "hold_amount": 40000000.0,
      "hold_ratio": 0.4485,
      "hold_float_ratio": 0.0,
      "hold_change": 0.0,
      "holder_type": "一般企业"
    },
    {
      "ts_code": "601919.SH",
      "ann_date": "20071221",
      "end_date": "20071123",
      "holder_name": "中国核工业集团公司",
      "hold_amount": 40000000.0,
      "hold_ratio": 0.4485,
      "hold_float_ratio": 0.0,
      "hold_change": 0.0,
      "holder_type": "一般企业"
    },
    {
      "ts_code": "601919.SH",
      "ann_date": "20071221",
      "end_date": "20071123",
      "holder_name": "兵器财务有限责任公司",
      "hold_amount": 30000000.0,
      "hold_ratio": 0.3363,
      "hold_float_ratio": 0.0,
      "hold_change": NaN,
      "holder_type": "财务公司"
    },
    {
      "ts_code": "601919.SH",
      "ann_date": "20071221",
      "end_date": "20071123",
      "holder_name": "一汽财务有限公司",
      "hold_amount": 30000000.0,
      "hold_ratio": 0.3363,
      "hold_float_ratio": 0.0,
      "hold_change": NaN,
      "holder_type": "财务公司"
    },
    {
      "ts_code": "601919.SH",
      "ann_date": "20071221",
      "end_date": "20071123",
      "holder_name": "中国船舶重工集团公司",
      "hold_amount": 30000000.0,
      "hold_ratio": 0.3363,
      "hold_float_ratio": 0.0,
      "hold_change": -2469000.0,
      "holder_type": "一般企业"
    },
    {
      "ts_code": "601919.SH",
      "ann_date": "20070827",
      "end_date": "20070630",
      "holder_name": "中粮集团有限公司",
      "hold_amount": 40000000.0,
      "hold_ratio": 0.4485,
      "hold_float_ratio": 0.0,
      "hold_change": 0.0,
      "holder_type": "一般企业"
    },
    {
      "ts_code": "601919.SH",
      "ann_date": "20070827",
      "end_date": "20070630",
      "holder_name": "中国中煤能源股份有限公司",
      "hold_amount": 40000000.0,
      "hold_ratio": 0.4485,
      "hold_float_ratio": 0.0,
      "hold_change": 0.0,
      "holder_type": "一般企业"
    },
    {
      "ts_code": "601919.SH",
      "ann_date": "20070827",
      "end_date": "20070630",
      "holder_name": "中国船舶重工集团公司",
      "hold_amount": 32469000.0,
      "hold_ratio": 0.364,
      "hold_float_ratio": 0.2768,
      "hold_change": 0.0,
      "holder_type": "一般企业"
    },
    {
      "ts_code": "601919.SH",
      "ann_date": "20070827",
      "end_date": "20070630",
      "holder_name": "中国远洋运输(集团)总公司",
      "hold_amount": 4554869787.0,
      "hold_ratio": 51.0674,
      "hold_float_ratio": 0.0,
      "hold_change": 0.0,
      "holder_type": "一般企业"
    },
    {
      "ts_code": "601919.SH",
      "ann_date": "20070827",
      "end_date": "20070630",
      "holder_name": "全国社会保障基金理事会",
      "hold_amount": 67378718.0,
      "hold_ratio": 0.7554,
      "hold_float_ratio": 2.5082,
      "hold_change": NaN,
      "holder_type": "社保基金、社保机构"
    },
    {
      "ts_code": "601919.SH",
      "ann_date": "20070827",
      "end_date": "20070630",
      "holder_name": "中国机械工业集团公司",
      "hold_amount": 40207000.0,
      "hold_ratio": 0.4508,
      "hold_float_ratio": 0.0232,
      "hold_change": 0.0,
      "holder_type": "一般企业"
    },
    {
      "ts_code": "601919.SH",
      "ann_date": "20070827",
      "end_date": "20070630",
      "holder_name": "中国核工业集团公司",
      "hold_amount": 40000000.0,
      "hold_ratio": 0.4485,
      "hold_float_ratio": 0.0,
      "hold_change": 0.0,
      "holder_type": "一般企业"
    },
    {
      "ts_code": "601919.SH",
      "ann_date": "20070625",
      "end_date": "20070626",
      "holder_name": "中国远洋运输(集团)总公司",
      "hold_amount": 4554869787.0,
      "hold_ratio": 51.0674,
      "hold_float_ratio": 0.0,
      "hold_change": 594113450.0,
      "holder_type": "一般企业"
    },
    {
      "ts_code": "601919.SH",
      "ann_date": "20070625",
      "end_date": "20070626",
      "holder_name": "中国机械工业集团公司",
      "hold_amount": 40207000.0,
      "hold_ratio": 0.4508,
      "hold_float_ratio": 0.0,
      "hold_change": NaN,
      "holder_type": "一般企业"
    },
    {
      "ts_code": "601919.SH",
      "ann_date": "20070625",
      "end_date": "20070626",
      "holder_name": "中粮集团有限公司",
      "hold_amount": 40000000.0,
      "hold_ratio": 0.4485,
      "hold_float_ratio": 0.0,
      "hold_change": NaN,
      "holder_type": "一般企业"
    },
    {
      "ts_code": "601919.SH",
      "ann_date": "20070625",
      "end_date": "20070626",
      "holder_name": "中国核工业集团公司",
      "hold_amount": 40000000.0,
      "hold_ratio": 0.4485,
      "hold_float_ratio": 0.0,
      "hold_change": NaN,
      "holder_type": "一般企业"
    },
    {
      "ts_code": "601919.SH",
      "ann_date": "20070625",
      "end_date": "20070626",
      "holder_name": "中国中煤能源股份有限公司",
      "hold_amount": 40000000.0,
      "hold_ratio": 0.4485,
      "hold_float_ratio": 0.0,
      "hold_change": NaN,
      "holder_type": "一般企业"
    },
    {
      "ts_code": "601919.SH",
      "ann_date": "20070625",
      "end_date": "20070626",
      "holder_name": "中国船舶重工集团公司",
      "hold_amount": 32469000.0,
      "hold_ratio": 0.364,
      "hold_float_ratio": 0.0,
      "hold_change": NaN,
      "holder_type": "一般企业"
    },
    {
      "ts_code": "601919.SH",
      "ann_date": "20070625",
      "end_date": "20070626",
      "holder_name": "中国经济技术投资担保有限公司",
      "hold_amount": 30000000.0,
      "hold_ratio": 0.3363,
      "hold_float_ratio": 0.0,
      "hold_change": NaN,
      "holder_type": "投资、咨询公司"
    },
    {
      "ts_code": "601919.SH",
      "ann_date": "20070625",
      "end_date": "20070626",
      "holder_name": "一汽财务有限公司",
      "hold_amount": 30000000.0,
      "hold_ratio": 0.3363,
      "hold_float_ratio": 0.0,
      "hold_change": NaN,
      "holder_type": "财务公司"
    },
    {
      "ts_code": "601919.SH",
      "ann_date": "20070625",
      "end_date": "20070626",
      "holder_name": "兵器财务有限责任公司",
      "hold_amount": 30000000.0,
      "hold_ratio": 0.3363,
      "hold_float_ratio": 0.0,
      "hold_change": NaN,
      "holder_type": "财务公司"
    },
    {
      "ts_code": "601919.SH",
      "ann_date": "20070625",
      "end_date": "20070626",
      "holder_name": "中国海运(集团)总公司",
      "hold_amount": 30000000.0,
      "hold_ratio": 0.3363,
      "hold_float_ratio": 0.0,
      "hold_change": NaN,
      "holder_type": "一般企业"
    }
  ],
  "financials": {
    "ticker": "601919.SH",
    "income_statements": [
      {
        "ticker": "601919.SH",
        "period": "2025-09-30",
        "statement_type": "IS",
        "metrics": {
          "revenue": 167598747676.26,
          "cogs": 130768472124.6,
          "operating_income": 36917049088.46,
          "ebit": 29856973645.46,
          "net_income": 30786308621.96,
          "interest_expense": -2492730291.6,
          "rd_expense": 796892074.91,
          "sga_expense": 593394371.04
        }
      },
      {
        "ticker": "601919.SH",
        "period": "2025-06-30",
        "statement_type": "IS",
        "metrics": {
          "revenue": 109099344307.3,
          "cogs": 86031485662.08,
          "operating_income": 24026519802.67,
          "ebit": 24003812954.1,
          "net_income": 20207990219.08,
          "interest_expense": -2097790748.28,
          "rd_expense": 504590630.37,
          "sga_expense": 403786392.22
        }
      },
      {
        "ticker": "601919.SH",
        "period": "2025-06-30",
        "statement_type": "IS",
        "metrics": {
          "revenue": 109099344307.3,
          "cogs": 86031485662.08,
          "operating_income": 24026519802.67,
          "ebit": 18800699192.49,
          "ebitda": 28799063773.43,
          "net_income": 20207990219.08,
          "interest_expense": -2097790748.28,
          "rd_expense": 504590630.37,
          "sga_expense": 403786392.22
        }
      },
      {
        "ticker": "601919.SH",
        "period": "2025-03-31",
        "statement_type": "IS",
        "metrics": {
          "revenue": 57960419102.55,
          "cogs": 42283387548.17,
          "operating_income": 15854961189.49,
          "ebit": 13238313349.6,
          "net_income": 13229913020.27,
          "interest_expense": -1241230859.41,
          "rd_expense": 242569019.79,
          "sga_expense": 214658197.21
        }
      },
      {
        "ticker": "601919.SH",
        "period": "2025-03-31",
        "statement_type": "IS",
        "metrics": {
          "revenue": 57960419102.55,
          "cogs": 42283387548.17,
          "operating_income": 15854961189.49,
          "ebit": 15853336906.52,
          "net_income": 13229913020.27,
          "interest_expense": -1241230859.41,
          "rd_expense": 242569019.79,
          "sga_expense": 214658197.21
        }
      },
      {
        "ticker": "601919.SH",
        "period": "2024-12-31",
        "statement_type": "IS",
        "metrics": {
          "revenue": 233859078966.99,
          "cogs": 164774423006.93,
          "operating_income": 66997148462.85,
          "ebit": 58310682515.7,
          "ebitda": 76980713460.08,
          "net_income": 55395442692.97,
          "interest_expense": -3732806566.0,
          "rd_expense": 1020642597.43,
          "sga_expense": 970886516.85
        }
      },
      {
        "ticker": "601919.SH",
        "period": "2024-09-30",
        "statement_type": "IS",
        "metrics": {
          "revenue": 174737328065.54,
          "cogs": 120988685775.75,
          "operating_income": 52122389327.29,
          "ebit": 45594765057.75,
          "net_income": 43346384807.75,
          "interest_expense": -2645268210.86,
          "rd_expense": 768771120.75,
          "sga_expense": 679025007.34
        }
      },
      {
        "ticker": "601919.SH",
        "period": "2024-06-30",
        "statement_type": "IS",
        "metrics": {
          "revenue": 101201055323.39,
          "cogs": 77463252021.57,
          "operating_income": 23093602698.14,
          "ebit": 18679708378.75,
          "ebitda": 28045203105.97,
          "net_income": 19255366952.81,
          "interest_expense": -1685874087.42,
          "rd_expense": 504893840.82,
          "sga_expense": 451099134.97
        }
      },
      {
        "ticker": "601919.SH",
        "period": "2024-03-31",
        "statement_type": "IS",
        "metrics": {
          "revenue": 48269963140.26,
          "cogs": 38909253976.97,
          "operating_income": 9160367239.61,
          "ebit": 9158906299.75,
          "net_income": 7682108581.55,
          "interest_expense": -909123879.59,
          "sga_expense": 232808016.93
        }
      },
      {
        "ticker": "601919.SH",
        "period": "2024-03-31",
        "statement_type": "IS",
        "metrics": {
          "revenue": 48269963140.26,
          "cogs": 38909253976.97,
          "operating_income": 9160367239.61,
          "ebit": 6960757300.7,
          "net_income": 7682108581.55,
          "interest_expense": -909123879.59,
          "rd_expense": 256538465.62,
          "sga_expense": 232808016.93
        }
      },
      {
        "ticker": "601919.SH",
        "period": "2023-12-31",
        "statement_type": "IS",
        "metrics": {
          "revenue": 175447746641.45,
          "cogs": 146755303948.92,
          "operating_income": 33114245930.04,
          "ebit": 22590765492.67,
          "ebitda": 42077374454.76,
          "net_income": 28395658537.78,
          "interest_expense": -5657186728.82,
          "rd_expense": 1077536862.29,
          "sga_expense": 1002972531.02
        }
      },
      {
        "ticker": "601919.SH",
        "period": "2023-09-30",
        "statement_type": "IS",
        "metrics": {
          "revenue": 134556391967.46,
          "cogs": 108974163748.23,
          "operating_income": 30574769498.79,
          "ebit": 21617408646.19,
          "net_income": 25998500568.25,
          "interest_expense": -5078236270.73,
          "rd_expense": 757181922.7,
          "sga_expense": 823643693.1
        }
      },
      {
        "ticker": "601919.SH",
        "period": "2023-06-30",
        "statement_type": "IS",
        "metrics": {
          "revenue": 91842797122.54,
          "cogs": 71472999681.03,
          "operating_income": 22972337554.06,
          "ebit": 16147230152.25,
          "ebitda": 26045719833.36,
          "net_income": 19675781291.08,
          "interest_expense": -4266828915.32,
          "rd_expense": 474947132.48,
          "sga_expense": 481171519.52
        }
      },
      {
        "ticker": "601919.SH",
        "period": "2023-03-31",
        "statement_type": "IS",
        "metrics": {
          "revenue": 47353397528.0,
          "cogs": 36790008085.92,
          "operating_income": 9853372205.82,
          "ebit": 7893368270.39,
          "net_income": 8581960504.23,
          "interest_expense": -839723095.21,
          "rd_expense": 209780701.37,
          "sga_expense": 15149840.28
        }
      },
      {
        "ticker": "601919.SH",
        "period": "2022-12-31",
        "statement_type": "IS",
        "metrics": {
          "revenue": 391058496607.18,
          "cogs": 217991201245.59,
          "operating_income": 167263748076.66,
          "ebit": 159942251769.99,
          "ebitda": 180344667612.27,
          "net_income": 131338361699.8,
          "interest_expense": -4478500688.4,
          "rd_expense": 1386072431.19,
          "sga_expense": 64292929.93
        }
      },
      {
        "ticker": "601919.SH",
        "period": "2022-12-31",
        "statement_type": "IS",
        "metrics": {
          "revenue": 391058496607.18,
          "cogs": 217991201245.59,
          "operating_income": 167263748076.66,
          "ebit": 159942251769.99,
          "ebitda": 180344667612.27,
          "net_income": 131338361699.8,
          "interest_expense": -4478500688.4,
          "rd_expense": 1386072431.19,
          "sga_expense": 64292929.93
        }
      },
      {
        "ticker": "601919.SH",
        "period": "2022-09-30",
        "statement_type": "IS",
        "metrics": {
          "revenue": 316540570024.05,
          "cogs": 171697240969.12,
          "operating_income": 141031259107.14,
          "ebit": 134012438607.69,
          "net_income": 115239736101.22,
          "interest_expense": -4771127664.71,
          "rd_expense": 991310122.88,
          "sga_expense": 38496137.94
        }
      },
      {
        "ticker": "601919.SH",
        "period": "2022-06-30",
        "statement_type": "IS",
        "metrics": {
          "revenue": 210784852626.23,
          "cogs": 111353004982.52,
          "operating_income": 93657478302.97,
          "ebit": 91395931354.94,
          "ebitda": 100851314366.24,
          "net_income": 76690814169.77,
          "interest_expense": -545919278.49,
          "rd_expense": 384618700.6,
          "sga_expense": 23261114.79
        }
      },
      {
        "ticker": "601919.SH",
        "period": "2022-03-31",
        "statement_type": "IS",
        "metrics": {
          "revenue": 105529746795.59,
          "cogs": 62750757357.15,
          "operating_income": 39665899959.0,
          "ebit": 39667089377.72,
          "net_income": 32550159040.7,
          "interest_expense": 362784744.88,
          "rd_expense": 162758342.86,
          "sga_expense": 11623378.56
        }
      },
      {
        "ticker": "601919.SH",
        "period": "2022-03-31",
        "statement_type": "IS",
        "metrics": {
          "revenue": 105529746795.59,
          "cogs": 62750757357.15,
          "operating_income": 39665899959.0,
          "ebit": 39275208512.81,
          "net_income": 32550159040.7,
          "interest_expense": 362784744.88,
          "rd_expense": 162758342.86,
          "sga_expense": 11623378.56
        }
      },
      {
        "ticker": "601919.SH",
        "period": "2021-12-31",
        "statement_type": "IS",
        "metrics": {
          "revenue": 333693610750.96,
          "cogs": 192540552826.82,
          "operating_income": 128241799348.5,
          "ebit": 128301457207.47,
          "ebitda": 141359637391.3,
          "net_income": 103852551457.19,
          "interest_expense": 3074056915.12,
          "rd_expense": 881225769.32,
          "sga_expense": 66495384.52
        }
      },
      {
        "ticker": "601919.SH",
        "period": "2021-12-31",
        "statement_type": "IS",
        "metrics": {
          "revenue": 333693610750.96,
          "cogs": 192540552826.82,
          "operating_income": 128241799348.5,
          "ebit": 128301457207.47,
          "ebitda": 141359637391.3,
          "net_income": 103852551457.19,
          "interest_expense": 3074056915.12,
          "rd_expense": 881225769.32,
          "sga_expense": 66495384.52
        }
      },
      {
        "ticker": "601919.SH",
        "period": "2021-09-30",
        "statement_type": "IS",
        "metrics": {
          "revenue": 231478581372.73,
          "cogs": 130229384705.85,
          "operating_income": 93038595546.75,
          "ebit": 92914282030.77,
          "net_income": 78021738849.52,
          "interest_expense": 2066537398.76,
          "rd_expense": 673341325.9,
          "sga_expense": 45429059.51
        }
      },
      {
        "ticker": "601919.SH",
        "period": "2021-09-30",
        "statement_type": "IS",
        "metrics": {
          "revenue": 231478581372.73,
          "cogs": 130229384705.85,
          "operating_income": 93038595546.75,
          "ebit": 93025434699.06,
          "net_income": 78021738849.52,
          "interest_expense": 2066537398.76,
          "rd_expense": 673341325.9,
          "sga_expense": 45429059.51
        }
      },
      {
        "ticker": "601919.SH",
        "period": "2021-06-30",
        "statement_type": "IS",
        "metrics": {
          "revenue": 139264347387.55,
          "cogs": 86009657928.11,
          "operating_income": 47799587269.1,
          "ebit": 47848459023.74,
          "ebitda": 53524922478.05,
          "net_income": 42870413874.22,
          "interest_expense": 1482786915.97,
          "rd_expense": 419923948.89,
          "sga_expense": 27654778.97
        }
      },
      {
        "ticker": "601919.SH",
        "period": "2021-03-31",
        "statement_type": "IS",
        "metrics": {
          "revenue": 64842809520.46,
          "cogs": 43309397891.75,
          "operating_income": 18912078785.1,
          "ebit": 19115835072.47,
          "net_income": 17796214700.06,
          "interest_expense": 828149061.99,
          "rd_expense": 42345764.74,
          "sga_expense": 13435697.04
        }
      },
      {
        "ticker": "601919.SH",
        "period": "2020-12-31",
        "statement_type": "IS",
        "metrics": {
          "revenue": 171258833813.71,
          "cogs": 146925023150.16,
          "operating_income": 13931255623.37,
          "ebit": 15150426473.36,
          "ebitda": 27545122526.56,
          "net_income": 13187494307.29,
          "interest_expense": 4131769251.86,
          "rd_expense": 260382019.73,
          "sga_expense": 57636364.49
        }
      },
      {
        "ticker": "601919.SH",
        "period": "2020-12-31",
        "statement_type": "IS",
        "metrics": {
          "revenue": 171258833813.71,
          "cogs": 146925023150.16,
          "operating_income": 13931255623.37,
          "ebit": 15150426473.36,
          "ebitda": 27545122526.56,
          "net_income": 13187494307.29,
          "interest_expense": 4131769251.86,
          "rd_expense": 260382019.73,
          "sga_expense": 57636364.49
        }
      },
      {
        "ticker": "601919.SH",
        "period": "2020-09-30",
        "statement_type": "IS",
        "metrics": {
          "revenue": 117708736827.23,
          "cogs": 104160540564.15,
          "operating_income": 6016667154.72,
          "ebit": 3997628995.47,
          "net_income": 5531421295.59,
          "interest_expense": 3092904570.89,
          "rd_expense": 211987049.08,
          "sga_expense": 39473648.5
        }
      },
      {
        "ticker": "601919.SH",
        "period": "2020-09-30",
        "statement_type": "IS",
        "metrics": {
          "revenue": 117708736827.23,
          "cogs": 104160540564.15,
          "operating_income": 6016667154.72,
          "ebit": 3997628995.47,
          "net_income": 5531421295.59,
          "interest_expense": 3092904570.89,
          "rd_expense": 211987049.08,
          "sga_expense": 39473648.5
        }
      },
      {
        "ticker": "601919.SH",
        "period": "2020-06-30",
        "statement_type": "IS",
        "metrics": {
          "revenue": 74052930030.58,
          "cogs": 67128987357.89,
          "operating_income": 2277601417.25,
          "ebit": 2638413513.13,
          "ebitda": 5531180364.06,
          "net_income": 1938332362.26,
          "interest_expense": 2033087668.41,
          "rd_expense": 150344349.92,
          "sga_expense": 26271311.85
        }
      },
      {
        "ticker": "601919.SH",
        "period": "2020-06-30",
        "statement_type": "IS",
        "metrics": {
          "revenue": 74052930030.58,
          "cogs": 67128987357.89,
          "operating_income": 2277601417.25,
          "ebit": 2638413513.13,
          "ebitda": 5531180364.06,
          "net_income": 1938332362.26,
          "interest_expense": 2033087668.41,
          "rd_expense": 150344349.92,
          "sga_expense": 26271311.85
        }
      },
      {
        "ticker": "601919.SH",
        "period": "2020-03-31",
        "statement_type": "IS",
        "metrics": {
          "revenue": 36108895427.03,
          "cogs": 32892448301.77,
          "operating_income": 840204617.92,
          "ebit": 1098156060.99,
          "net_income": 674234222.4,
          "interest_expense": 1136687594.13,
          "rd_expense": 69962500.6,
          "sga_expense": 14845655.07
        }
      },
      {
        "ticker": "601919.SH",
        "period": "2020-03-31",
        "statement_type": "IS",
        "metrics": {
          "revenue": 36108895427.03,
          "cogs": 32892448301.77,
          "operating_income": 840204617.92,
          "ebit": -24142093.88,
          "net_income": 674234222.4,
          "interest_expense": 1136687594.13,
          "rd_expense": 69962500.6,
          "sga_expense": 14845655.07
        }
      },
      {
        "ticker": "601919.SH",
        "period": "2019-12-31",
        "statement_type": "IS",
        "metrics": {
          "revenue": 151056682119.72,
          "cogs": 134829661271.29,
          "operating_income": 12062101545.39,
          "ebit": 6762309697.92,
          "ebitda": 12129323104.42,
          "net_income": 10349754763.85,
          "interest_expense": 5014525845.47,
          "rd_expense": 277414775.76,
          "sga_expense": 67606784.48
        }
      },
      {
        "ticker": "601919.SH",
        "period": "2019-12-31",
        "statement_type": "IS",
        "metrics": {
          "revenue": 151056682119.72,
          "cogs": 134829661271.29,
          "operating_income": 12062101545.39,
          "ebit": 6762309697.92,
          "ebitda": 12129323104.42,
          "net_income": 10349754763.85,
          "interest_expense": 5014525845.47,
          "rd_expense": 277414775.76,
          "sga_expense": 67606784.48
        }
      },
      {
        "ticker": "601919.SH",
        "period": "2019-09-30",
        "statement_type": "IS",
        "metrics": {
          "revenue": 111617288281.23,
          "cogs": 99420679739.02,
          "operating_income": 4124648645.15,
          "ebit": 1563741851.03,
          "net_income": 3524258726.71,
          "interest_expense": 3728825059.61,
          "rd_expense": 4073013.22,
          "sga_expense": 46901279.37
        }
      },
      {
        "ticker": "601919.SH",
        "period": "2019-06-30",
        "statement_type": "IS",
        "metrics": {
          "revenue": 72101161372.87,
          "cogs": 64232252510.83,
          "operating_income": 2559047890.03,
          "ebit": 856999597.01,
          "ebitda": 6716368218.81,
          "net_income": 2168084798.04,
          "interest_expense": 2540723268.1,
          "rd_expense": 1696644.24,
          "sga_expense": 27595196.42
        }
      },
      {
        "ticker": "601919.SH",
        "period": "2019-06-30",
        "statement_type": "IS",
        "metrics": {
          "revenue": 72101161372.87,
          "cogs": 64232252510.83,
          "operating_income": 2559047890.03,
          "ebit": 3525705969.62,
          "ebitda": 9385074591.42,
          "net_income": 2168084798.04,
          "interest_expense": 2540723268.1,
          "rd_expense": 1696644.24,
          "sga_expense": 27595196.42
        }
      },
      {
        "ticker": "601919.SH",
        "period": "2019-03-31",
        "statement_type": "IS",
        "metrics": {
          "revenue": 35075095504.42,
          "cogs": 31154996366.49,
          "operating_income": 1277126364.46,
          "ebit": 459280086.15,
          "net_income": 1092388324.29,
          "interest_expense": 1308316160.63,
          "rd_expense": 654231.86,
          "sga_expense": 13082750.74
        }
      },
      {
        "ticker": "601919.SH",
        "period": "2018-12-31",
        "statement_type": "IS",
        "metrics": {
          "revenue": 120829528787.97,
          "cogs": 110604882878.24,
          "operating_income": 3044731491.98,
          "ebit": 3731019837.05,
          "ebitda": 7946671604.46,
          "net_income": 3026361828.49,
          "interest_expense": 2967293772.87,
          "rd_expense": 19694323.07,
          "sga_expense": 61458893.45
        }
      },
      {
        "ticker": "601919.SH",
        "period": "2018-12-31",
        "statement_type": "IS",
        "metrics": {
          "revenue": 120829528787.97,
          "cogs": 110604882878.24,
          "operating_income": 3044731491.98,
          "ebit": 3783049566.8,
          "ebitda": 7998701334.21,
          "net_income": 3026361828.49,
          "interest_expense": 2967293772.87,
          "rd_expense": 19694323.07,
          "sga_expense": 61458893.45
        }
      },
      {
        "ticker": "601919.SH",
        "period": "2018-09-30",
        "statement_type": "IS",
        "metrics": {
          "revenue": 82130067908.78,
          "cogs": 76121467806.7,
          "operating_income": 1564985245.0,
          "ebit": 1837708681.01,
          "net_income": 2129590266.94,
          "interest_expense": 1947094141.61,
          "rd_expense": 2686085.82,
          "sga_expense": 34733479.92
        }
      },
      {
        "ticker": "601919.SH",
        "period": "2018-09-30",
        "statement_type": "IS",
        "metrics": {
          "revenue": 82130067908.78,
          "cogs": 76121467806.7,
          "operating_income": 1564985245.0,
          "ebit": 1837708681.01,
          "net_income": 2129590266.94,
          "interest_expense": 1947094141.61,
          "rd_expense": 2686085.82,
          "sga_expense": 34733479.92
        }
      },
      {
        "ticker": "601919.SH",
        "period": "2018-06-30",
        "statement_type": "IS",
        "metrics": {
          "revenue": 45075204712.15,
          "cogs": 42108739997.74,
          "operating_income": 965372126.44,
          "ebit": 931840553.09,
          "ebitda": 2298267914.37,
          "net_income": 769137725.82,
          "interest_expense": 995405396.3,
          "rd_expense": 2822789.33,
          "sga_expense": 21248771.75
        }
      },
      {
        "ticker": "601919.SH",
        "period": "2018-06-30",
        "statement_type": "IS",
        "metrics": {
          "revenue": 45075204712.15,
          "cogs": 42108739997.74,
          "operating_income": 965372126.44,
          "ebit": 931840553.09,
          "ebitda": 2298267914.37,
          "net_income": 769137725.82,
          "interest_expense": 995405396.3,
          "rd_expense": 2822789.33,
          "sga_expense": 21248771.75
        }
      },
      {
        "ticker": "601919.SH",
        "period": "2018-03-31",
        "statement_type": "IS",
        "metrics": {
          "revenue": 21923366326.52,
          "cogs": 20193238606.3,
          "operating_income": 616443395.98,
          "ebit": 676892847.17,
          "net_income": 495683560.8,
          "interest_expense": 483785606.06,
          "sga_expense": 9728764.11
        }
      },
      {
        "ticker": "601919.SH",
        "period": "2017-12-31",
        "statement_type": "IS",
        "metrics": {
          "revenue": 90463957861.05,
          "cogs": 82604636637.88,
          "operating_income": 4956835499.27,
          "ebit": 2764549749.86,
          "ebitda": 5100793093.38,
          "net_income": 4830685403.42,
          "interest_expense": 1729943937.16,
          "sga_expense": 53086523.02
        }
      },
      {
        "ticker": "601919.SH",
        "period": "2017-09-30",
        "statement_type": "IS",
        "metrics": {
          "revenue": 67598753056.0,
          "cogs": 61774425508.56,
          "operating_income": 4567436681.57,
          "ebit": 2495780038.15,
          "net_income": 4566517478.19,
          "interest_expense": 1309616331.16,
          "sga_expense": 38819654.93
        }
      },
      {
        "ticker": "601919.SH",
        "period": "2017-06-30",
        "statement_type": "IS",
        "metrics": {
          "revenue": 43468656681.18,
          "cogs": 39615486667.47,
          "operating_income": 3696192839.07,
          "ebit": 1762761948.04,
          "ebitda": 2895173254.29,
          "net_income": 3401360097.14,
          "interest_expense": 949102188.03,
          "sga_expense": 25874305.55
        }
      },
      {
        "ticker": "601919.SH",
        "period": "2017-03-31",
        "statement_type": "IS",
        "metrics": {
          "revenue": 20101447987.02,
          "cogs": 18555856176.91,
          "operating_income": 424591510.15,
          "ebit": 527032782.68,
          "net_income": 479306762.24,
          "interest_expense": 371335472.96,
          "sga_expense": 12524505.31
        }
      },
      {
        "ticker": "601919.SH",
        "period": "2016-12-31",
        "statement_type": "IS",
        "metrics": {
          "revenue": 71160180860.47,
          "cogs": 71865800353.29,
          "operating_income": -7912551099.25,
          "ebit": -5001615428.8,
          "ebitda": -2276498254.07,
          "net_income": -9101232179.17,
          "interest_expense": 1815561605.69,
          "sga_expense": 65459938.34
        }
      },
      {
        "ticker": "601919.SH",
        "period": "2016-09-30",
        "statement_type": "IS",
        "metrics": {
          "revenue": 49874487331.25,
          "cogs": 52157342260.26,
          "operating_income": -7990201373.32,
          "ebit": -5054486070.74,
          "net_income": -8596533349.45,
          "interest_expense": 1544674076.58,
          "sga_expense": 49943521.01
        }
      },
      {
        "ticker": "601919.SH",
        "period": "2016-06-30",
        "statement_type": "IS",
        "metrics": {
          "revenue": 30941208382.34,
          "cogs": 32671833871.49,
          "operating_income": -6303727635.85,
          "ebit": -3513787120.8,
          "ebitda": -1935201509.06,
          "net_income": -6795598859.25,
          "interest_expense": 1086935857.42,
          "sga_expense": 34149019.6
        }
      },
      {
        "ticker": "601919.SH",
        "period": "2016-03-31",
        "statement_type": "IS",
        "metrics": {
          "revenue": 14608801823.13,
          "cogs": 14884601213.53,
          "operating_income": -4069486521.41,
          "ebit": -1301269993.88,
          "net_income": -4369802795.31,
          "interest_expense": 650024313.75,
          "sga_expense": 20171743.34
        }
      },
      {
        "ticker": "601919.SH",
        "period": "2015-12-31",
        "statement_type": "IS",
        "metrics": {
          "revenue": 57489919045.77,
          "cogs": 55108227484.34,
          "operating_income": -2178346874.09,
          "ebit": -1969714707.76,
          "ebitda": 2223273597.97,
          "net_income": 1791503646.05,
          "interest_expense": 2282338090.87,
          "sga_expense": 131260605.1
        }
      },
      {
        "ticker": "601919.SH",
        "period": "2015-09-30",
        "statement_type": "IS",
        "metrics": {
          "revenue": 44108242107.55,
          "cogs": 42686187498.24,
          "operating_income": -2152207199.17,
          "ebit": -1446703836.38,
          "net_income": 1161778410.61,
          "interest_expense": 1797383582.26,
          "sga_expense": 88465202.59
        }
      },
      {
        "ticker": "601919.SH",
        "period": "2015-06-30",
        "statement_type": "IS",
        "metrics": {
          "revenue": 29972120678.43,
          "cogs": 28758562528.86,
          "operating_income": -805562747.47,
          "ebit": -647883867.97,
          "ebitda": 1386993350.28,
          "net_income": 2554711276.13,
          "interest_expense": 924868752.89,
          "sga_expense": 58130791.91
        }
      },
      {
        "ticker": "601919.SH",
        "period": "2015-03-31",
        "statement_type": "IS",
        "metrics": {
          "revenue": 14834790415.06,
          "cogs": 14018492468.73,
          "operating_income": -359871589.16,
          "ebit": -140080038.63,
          "net_income": -728903157.86,
          "interest_expense": 585780464.48,
          "sga_expense": 26006062.35
        }
      },
      {
        "ticker": "601919.SH",
        "period": "2014-12-31",
        "statement_type": "IS",
        "metrics": {
          "revenue": 64374456245.65,
          "cogs": 59852218578.36,
          "operating_income": 14293884.1,
          "ebit": 113341484.65,
          "ebitda": 4231915544.24,
          "net_income": 1550821243.67,
          "interest_expense": 2197790237.92,
          "sga_expense": 151062552.4
        }
      },
      {
        "ticker": "601919.SH",
        "period": "2014-09-30",
        "statement_type": "IS",
        "metrics": {
          "revenue": 47427073683.43,
          "cogs": 43664439223.67,
          "operating_income": 19557680.8,
          "ebit": 663227609.62,
          "net_income": 297740697.34,
          "interest_expense": 1872777894.86,
          "sga_expense": 102032595.31
        }
      },
      {
        "ticker": "601919.SH",
        "period": "2014-06-30",
        "statement_type": "IS",
        "metrics": {
          "revenue": 29940382482.26,
          "cogs": 28084693482.88,
          "operating_income": -556165365.66,
          "ebit": -146606947.85,
          "ebitda": 1900110159.78,
          "net_income": -1673729907.28,
          "interest_expense": 1284037223.3,
          "sga_expense": 67608572.53
        }
      },
      {
        "ticker": "601919.SH",
        "period": "2014-03-31",
        "statement_type": "IS",
        "metrics": {
          "revenue": 14208509685.89,
          "cogs": 13475527603.91,
          "operating_income": -597478278.86,
          "ebit": -233730798.03,
          "net_income": -1625401748.49,
          "interest_expense": 777213107.3,
          "sga_expense": 32238425.37
        }
      },
      {
        "ticker": "601919.SH",
        "period": "2013-12-31",
        "statement_type": "IS",
        "metrics": {
          "revenue": 61934136540.26,
          "cogs": 61425538057.56,
          "operating_income": 4393209855.97,
          "ebit": -4128457013.83,
          "ebitda": -124299202.13,
          "net_income": 2879421706.97,
          "interest_expense": 1364007089.55,
          "sga_expense": 138008334.23
        }
      },
      {
        "ticker": "601919.SH",
        "period": "2013-09-30",
        "statement_type": "IS",
        "metrics": {
          "revenue": 46083050121.0,
          "cogs": 45818572741.98,
          "operating_income": 1655551209.93,
          "ebit": -3114908252.23,
          "net_income": 369087439.76,
          "interest_expense": 1127073577.16,
          "sga_expense": 88472299.62
        }
      },
      {
        "ticker": "601919.SH",
        "period": "2013-06-30",
        "statement_type": "IS",
        "metrics": {
          "revenue": 30204473447.51,
          "cogs": 30591081751.87,
          "operating_income": 2110711972.16,
          "ebit": -2709762875.05,
          "ebitda": -745946037.84,
          "net_income": 1106495101.7,
          "interest_expense": 735762960.43,
          "sga_expense": 56777085.93
        }
      },
      {
        "ticker": "601919.SH",
        "period": "2013-03-31",
        "statement_type": "IS",
        "metrics": {
          "revenue": 15234414656.2,
          "cogs": 15297897816.55,
          "operating_income": -1576426442.67,
          "ebit": -1345994222.51,
          "net_income": -1712750180.97,
          "interest_expense": 525312930.01,
          "sga_expense": 26941171.32
        }
      },
      {
        "ticker": "601919.SH",
        "period": "2012-12-31",
        "statement_type": "IS",
        "metrics": {
          "revenue": 72056802569.35,
          "cogs": 72442035266.06,
          "operating_income": -6008915661.83,
          "ebit": -6137452650.98,
          "ebitda": -2308266902.77,
          "net_income": -8137441463.74,
          "interest_expense": 1627583332.45,
          "sga_expense": 135029049.07
        }
      },
      {
        "ticker": "601919.SH",
        "period": "2012-09-30",
        "statement_type": "IS",
        "metrics": {
          "revenue": 53705705687.33,
          "cogs": 53994239813.24,
          "operating_income": -4321482637.52,
          "ebit": -4314404380.48,
          "net_income": -5252849434.27,
          "interest_expense": 1346453005.52,
          "sga_expense": 94787575.46
        }
      },
      {
        "ticker": "601919.SH",
        "period": "2012-06-30",
        "statement_type": "IS",
        "metrics": {
          "revenue": 34647188359.46,
          "cogs": 35066762098.27,
          "operating_income": -3141470191.31,
          "ebit": -3130485963.44,
          "ebitda": -1259921902.27,
          "net_income": -4119511662.83,
          "interest_expense": 866176581.45,
          "sga_expense": 60738307.65
        }
      },
      {
        "ticker": "601919.SH",
        "period": "2012-03-31",
        "statement_type": "IS",
        "metrics": {
          "revenue": 15690285575.3,
          "cogs": 16195637024.48,
          "operating_income": -1799659464.05,
          "ebit": -1846639412.06,
          "net_income": -2376445144.13,
          "interest_expense": 316668962.72,
          "sga_expense": 30159077.76
        }
      },
      {
        "ticker": "601919.SH",
        "period": "2011-12-31",
        "statement_type": "IS",
        "metrics": {
          "revenue": 68908178866.62,
          "cogs": 71888813148.18,
          "operating_income": -6805546745.86,
          "ebit": -9068163693.87,
          "ebitda": -5531230090.76,
          "net_income": -8838826405.18,
          "interest_expense": 102001719.28,
          "sga_expense": 161855443.84
        }
      },
      {
        "ticker": "601919.SH",
        "period": "2011-09-30",
        "statement_type": "IS",
        "metrics": {
          "revenue": 52456742354.17,
          "cogs": 52433352439.96,
          "operating_income": -2168655746.36,
          "ebit": -3983235911.31,
          "net_income": -3373475249.89,
          "interest_expense": 177168003.57,
          "sga_expense": 111634743.73
        }
      },
      {
        "ticker": "601919.SH",
        "period": "2011-06-30",
        "statement_type": "IS",
        "metrics": {
          "revenue": 34227605159.42,
          "cogs": 33282955383.59,
          "operating_income": -330405249.65,
          "ebit": -1732760189.67,
          "ebitda": 22384853.19,
          "net_income": -1743622198.15,
          "interest_expense": 78133484.65,
          "sga_expense": 69556501.85
        }
      },
      {
        "ticker": "601919.SH",
        "period": "2011-03-31",
        "statement_type": "IS",
        "metrics": {
          "revenue": 16437369167.07,
          "cogs": 15156196292.72,
          "operating_income": 548289178.17,
          "ebit": -64736169.89,
          "net_income": -68066116.74,
          "interest_expense": 76371574.21,
          "sga_expense": 32957976.55
        }
      },
      {
        "ticker": "601919.SH",
        "period": "2010-12-31",
        "statement_type": "IS",
        "metrics": {
          "revenue": 80578433797.13,
          "cogs": 66309568259.38,
          "operating_income": 9889590902.36,
          "ebit": 8582906197.97,
          "ebitda": 12082751578.81,
          "net_income": 7994298747.76,
          "interest_expense": 554959287.48,
          "sga_expense": 140805749.53
        }
      },
      {
        "ticker": "601919.SH",
        "period": "2010-09-30",
        "statement_type": "IS",
        "metrics": {
          "revenue": 59743498916.16,
          "cogs": 48398201408.44,
          "operating_income": 8192591760.24,
          "ebit": 7466446466.23,
          "net_income": 6542931146.51,
          "interest_expense": 712022554.26,
          "sga_expense": 100464311.62
        }
      },
      {
        "ticker": "601919.SH",
        "period": "2010-06-30",
        "statement_type": "IS",
        "metrics": {
          "revenue": 38193165764.52,
          "cogs": 30964784913.37,
          "operating_income": 5139493854.67,
          "ebit": 4789426138.53,
          "ebitda": 6472773724.8,
          "net_income": 3989825827.17,
          "interest_expense": 366041492.56,
          "sga_expense": 65238778.92
        }
      },
      {
        "ticker": "601919.SH",
        "period": "2010-03-31",
        "statement_type": "IS",
        "metrics": {
          "revenue": 17405379739.92,
          "cogs": 14430166099.5,
          "operating_income": 1837096821.61,
          "ebit": 1726312243.04,
          "net_income": 1091547211.74,
          "interest_expense": 257753816.51,
          "sga_expense": 31706749.86
        }
      },
      {
        "ticker": "601919.SH",
        "period": "2009-12-31",
        "statement_type": "IS",
        "metrics": {
          "revenue": 55734631290.96,
          "cogs": 57759939361.98,
          "operating_income": -5662941928.2,
          "ebit": -7211099643.48,
          "ebitda": -3783791977.41,
          "net_income": -6737130612.25,
          "interest_expense": 664003588.46,
          "sga_expense": 133121026.0
        }
      },
      {
        "ticker": "601919.SH",
        "period": "2009-09-30",
        "statement_type": "IS",
        "metrics": {
          "revenue": 38678476998.74,
          "cogs": 39922971760.64,
          "operating_income": -3714961426.65,
          "ebit": -4794162415.45,
          "net_income": -4655215583.12,
          "interest_expense": 507359723.45,
          "sga_expense": 61782925.39
        }
      },
      {
        "ticker": "601919.SH",
        "period": "2009-06-30",
        "statement_type": "IS",
        "metrics": {
          "revenue": 22850685406.46,
          "cogs": 25042240988.03,
          "operating_income": -3426087775.85,
          "ebit": -4384148774.22,
          "ebitda": -2563964697.29,
          "net_income": -4154528702.47,
          "interest_expense": 300994649.08,
          "sga_expense": 39591960.15
        }
      },
      {
        "ticker": "601919.SH",
        "period": "2009-03-31",
        "statement_type": "IS",
        "metrics": {
          "revenue": 10757922929.58,
          "cogs": 12211642042.92,
          "operating_income": -2326368792.31,
          "ebit": -2639858031.1,
          "net_income": -3141261918.67,
          "interest_expense": 130117317.84,
          "sga_expense": 19781576.18
        }
      },
      {
        "ticker": "601919.SH",
        "period": "2008-12-31",
        "statement_type": "IS",
        "metrics": {
          "revenue": 114968334902.34,
          "cogs": 86546122260.96,
          "operating_income": 19605178752.56,
          "ebit": 22830896009.16,
          "ebitda": 26459983064.42,
          "net_income": 11925865278.53,
          "interest_expense": 655640659.42,
          "sga_expense": 85144506.14
        }
      },
      {
        "ticker": "601919.SH",
        "period": "2008-09-30",
        "statement_type": "IS",
        "metrics": {
          "revenue": 95381572756.87,
          "cogs": 65742001009.5,
          "operating_income": 25379613191.53,
          "ebit": 25357168522.57,
          "net_income": 20784340643.06,
          "interest_expense": 859408435.58,
          "sga_expense": 67743235.93
        }
      },
      {
        "ticker": "601919.SH",
        "period": "2008-06-30",
        "statement_type": "IS",
        "metrics": {
          "revenue": 62163326511.81,
          "cogs": 42253503219.48,
          "operating_income": 18532793033.19,
          "ebit": 17075382533.63,
          "ebitda": 18923205923.69,
          "net_income": 14895903443.02,
          "interest_expense": 656618811.68,
          "sga_expense": 41347651.94
        }
      },
      {
        "ticker": "601919.SH",
        "period": "2008-03-31",
        "statement_type": "IS",
        "metrics": {
          "revenue": 28025288955.96,
          "cogs": 18692592299.94,
          "operating_income": 8079550507.8,
          "ebit": 7942366602.1,
          "net_income": 6400680354.63,
          "interest_expense": 399020315.07,
          "sga_expense": 27285520.48
        }
      },
      {
        "ticker": "601919.SH",
        "period": "2007-12-31",
        "statement_type": "IS",
        "metrics": {
          "revenue": 93879963007.8,
          "cogs": 68265450093.3,
          "operating_income": 24226243016.84,
          "ebit": 19668800420.97,
          "ebitda": 23814280753.74,
          "net_income": 20853974836.98,
          "interest_expense": 1245116141.64,
          "sga_expense": 106599187.12
        }
      },
      {
        "ticker": "601919.SH",
        "period": "2007-09-30",
        "statement_type": "IS",
        "metrics": {
          "revenue": 32888415579.63,
          "cogs": 28509331549.03,
          "operating_income": 2132046523.38,
          "ebit": 1269152393.1,
          "net_income": 2506055407.83,
          "interest_expense": 829607734.46,
          "sga_expense": 34252890.81
        }
      },
      {
        "ticker": "601919.SH",
        "period": "2007-06-30",
        "statement_type": "IS",
        "metrics": {
          "revenue": 20407247838.72,
          "cogs": 17967186005.55,
          "operating_income": 1073818097.18,
          "ebit": 546121357.25,
          "ebitda": 1365240266.98,
          "net_income": 1462168942.59,
          "interest_expense": 544699756.36,
          "sga_expense": 20744032.31
        }
      },
      {
        "ticker": "601919.SH",
        "period": "2006-12-31",
        "statement_type": "IS",
        "metrics": {
          "revenue": 36198054109.17,
          "cogs": 31485592031.27,
          "operating_income": 1863057236.81,
          "ebit": 3023281533.94,
          "net_income": 2340661425.3,
          "interest_expense": 1055288056.69,
          "sga_expense": 39069709.0
        }
      },
      {
        "ticker": "601919.SH",
        "period": "2005-12-31",
        "statement_type": "IS",
        "metrics": {
          "revenue": 33872971557.55,
          "cogs": 25216548090.2,
          "operating_income": 6381846950.72,
          "ebit": 6537940696.4,
          "net_income": 5388894735.08,
          "interest_expense": 1164678349.17,
          "sga_expense": 35335476.79
        }
      },
      {
        "ticker": "601919.SH",
        "period": "2004-12-31",
        "statement_type": "IS",
        "metrics": {
          "revenue": 29293009204.81,
          "cogs": 23056527262.4,
          "operating_income": 4638764582.99,
          "ebit": 4804444884.81,
          "net_income": 4444161318.66,
          "interest_expense": 416413264.77,
          "sga_expense": 13034590.07
        }
      },
      {
        "ticker": "601919.SH",
        "period": "2003-12-31",
        "statement_type": "IS",
        "metrics": {
          "revenue": 23585433667.88,
          "cogs": 19867725677.28,
          "operating_income": 2318620487.68,
          "ebit": 2394633382.57,
          "net_income": 2121285111.37,
          "interest_expense": 466236795.14,
          "sga_expense": 987418135.96
        }
      },
      {
        "ticker": "601919.SH",
        "period": "2002-12-31",
        "statement_type": "IS",
        "metrics": {
          "revenue": 19035850696.98,
          "cogs": 18510308564.32,
          "operating_income": -875496339.06,
          "ebit": -777028437.83,
          "net_income": -1066292195.84,
          "interest_expense": 649295545.36,
          "sga_expense": 891164478.59
        }
      }
    ],
    "balance_sheets": [
      {
        "ticker": "601919.SH",
        "period": "2025-09-30",
        "statement_type": "BS",
        "metrics": {
          "total_assets": 500032779213.65,
          "total_equity": 232239574651.27,
          "total_liabilities": 217331032091.47,
          "cash_and_equivalents": 171418757310.57,
          "long_term_debt": 14487527396.51,
          "inventory": 6506999833.79,
          "accounts_payable": 82259265537.12,
          "current_assets": 195485019503.05,
          "current_liabilities": 129960881754.47,
          "shares_outstanding": 15489754739.0
        }
      },
      {
        "ticker": "601919.SH",
        "period": "2025-06-30",
        "statement_type": "BS",
        "metrics": {
          "total_assets": 498497058021.17,
          "total_equity": 232062493852.16,
          "total_liabilities": 215603430534.5,
          "cash_and_equivalents": 170633950682.23,
          "long_term_debt": 13801448609.66,
          "inventory": 6525205771.45,
          "accounts_payable": 85796532400.59,
          "current_assets": 195364816118.23,
          "current_liabilities": 125442171963.62,
          "shares_outstanding": 15489754739.0
        }
      },
      {
        "ticker": "601919.SH",
        "period": "2025-03-31",
        "statement_type": "BS",
        "metrics": {
          "total_assets": 509613942590.04,
          "total_equity": 244134392950.05,
          "total_liabilities": 213873925453.76,
          "cash_and_equivalents": 187910767671.26,
          "long_term_debt": 13319199404.58,
          "inventory": 6571491362.0,
          "accounts_payable": 85598222401.9,
          "current_assets": 210912000974.69,
          "current_liabilities": 123100488214.09,
          "shares_outstanding": 15961686166.0
        }
      },
      {
        "ticker": "601919.SH",
        "period": "2024-12-31",
        "statement_type": "BS",
        "metrics": {
          "total_assets": 497472213736.26,
          "total_equity": 234668062562.89,
          "total_liabilities": 212413437417.75,
          "cash_and_equivalents": 185062615962.84,
          "long_term_debt": 11965498671.52,
          "inventory": 6332468560.86,
          "accounts_payable": 85990519521.08,
          "current_assets": 206116976847.04,
          "current_liabilities": 122790702522.23,
          "shares_outstanding": 15960826685.0
        }
      },
      {
        "ticker": "601919.SH",
        "period": "2024-09-30",
        "statement_type": "BS",
        "metrics": {
          "total_assets": 488721014374.69,
          "total_equity": 222572145711.62,
          "total_liabilities": 217624806737.34,
          "cash_and_equivalents": 190844278982.7,
          "long_term_debt": 13720701721.41,
          "inventory": 6582704437.33,
          "accounts_payable": 86181028011.59,
          "current_assets": 216412896941.46,
          "current_liabilities": 132297673811.44,
          "shares_outstanding": 15960680120.0
        }
      },
      {
        "ticker": "601919.SH",
        "period": "2024-06-30",
        "statement_type": "BS",
        "metrics": {
          "total_assets": 467117979399.65,
          "total_equity": 210482326238.18,
          "total_liabilities": 209687682449.59,
          "cash_and_equivalents": 173601815269.25,
          "long_term_debt": 13755032704.6,
          "inventory": 6802655709.13,
          "accounts_payable": 88033560735.49,
          "current_assets": 198469014516.52,
          "current_liabilities": 123412324531.36,
          "shares_outstanding": 15960605965.0
        }
      },
      {
        "ticker": "601919.SH",
        "period": "2024-03-31",
        "statement_type": "BS",
        "metrics": {
          "total_assets": 459426464135.63,
          "total_equity": 202853637780.52,
          "total_liabilities": 209375850882.66,
          "cash_and_equivalents": 174407939051.2,
          "long_term_debt": 15660265720.16,
          "inventory": 6481180450.31,
          "accounts_payable": 89690926656.06,
          "current_assets": 196559935933.92,
          "current_liabilities": 124998589033.83,
          "shares_outstanding": 15957586817.0
        }
      },
      {
        "ticker": "601919.SH",
        "period": "2023-12-31",
        "statement_type": "BS",
        "metrics": {
          "total_assets": 462429380596.11,
          "total_equity": 196115256820.06,
          "total_liabilities": 219209908310.07,
          "cash_and_equivalents": 182304012817.31,
          "long_term_debt": 17385285429.52,
          "inventory": 6561355165.63,
          "accounts_payable": 90329111646.52,
          "current_assets": 202481380048.2,
          "current_liabilities": 127348798191.43,
          "shares_outstanding": 16071057752.0
        }
      },
      {
        "ticker": "601919.SH",
        "period": "2023-12-31",
        "statement_type": "BS",
        "metrics": {
          "total_assets": 462429380596.11,
          "total_equity": 196115256820.06,
          "total_liabilities": 219209908310.07,
          "cash_and_equivalents": 182304012817.31,
          "long_term_debt": 17385285429.52,
          "inventory": 6561355165.63,
          "accounts_payable": 90329111646.52,
          "current_assets": 202481380048.2,
          "current_liabilities": 127348798191.43,
          "shares_outstanding": 16071057752.0
        }
      },
      {
        "ticker": "601919.SH",
        "period": "2023-09-30",
        "statement_type": "BS",
        "metrics": {
          "total_assets": 480145495761.23,
          "total_equity": 203175142785.86,
          "total_liabilities": 228457432907.56,
          "cash_and_equivalents": 198955638006.15,
          "long_term_debt": 17221844385.25,
          "inventory": 6585010101.84,
          "accounts_payable": 95686303186.3,
          "current_assets": 219886942087.52,
          "current_liabilities": 134080973313.83,
          "shares_outstanding": 16172464597.0
        }
      },
      {
        "ticker": "601919.SH",
        "period": "2023-06-30",
        "statement_type": "BS",
        "metrics": {
          "total_assets": 482926938652.11,
          "total_equity": 198679713022.54,
          "total_liabilities": 234500952640.39,
          "cash_and_equivalents": 199331376224.98,
          "long_term_debt": 16892173486.53,
          "inventory": 6291176948.64,
          "accounts_payable": 98203317945.07,
          "current_assets": 220608167180.66,
          "current_liabilities": 136176584687.34,
          "shares_outstanding": 16170253938.0
        }
      },
      {
        "ticker": "601919.SH",
        "period": "2023-03-31",
        "statement_type": "BS",
        "metrics": {
          "total_assets": 500955324404.93,
          "total_equity": 206621463384.6,
          "total_liabilities": 240916979373.58,
          "cash_and_equivalents": 223644320158.91,
          "long_term_debt": 15428429405.17,
          "inventory": 6558313145.38,
          "accounts_payable": 104765887722.16,
          "current_assets": 246562027557.97,
          "current_liabilities": 144032858165.15,
          "shares_outstanding": 16095391286.0
        }
      },
      {
        "ticker": "601919.SH",
        "period": "2023-03-31",
        "statement_type": "BS",
        "metrics": {
          "total_assets": 500955324404.93,
          "total_equity": 206621463384.6,
          "total_liabilities": 240916979373.58,
          "cash_and_equivalents": 223644320158.91,
          "long_term_debt": 15428429405.17,
          "inventory": 6558313145.38,
          "accounts_payable": 104765887722.16,
          "current_assets": 246562027557.97,
          "current_liabilities": 144032858165.15,
          "shares_outstanding": 16095391286.0
        }
      },
      {
        "ticker": "601919.SH",
        "period": "2022-12-31",
        "statement_type": "BS",
        "metrics": {
          "total_assets": 511779713798.98,
          "total_equity": 200382772670.87,
          "total_liabilities": 258256246129.9,
          "cash_and_equivalents": 236876613424.69,
          "long_term_debt": 18694755164.34,
          "inventory": 7017036782.85,
          "accounts_payable": 105962052507.01,
          "current_assets": 261154129671.87,
          "current_liabilities": 159382115023.13,
          "shares_outstanding": 16094861636.0
        }
      },
      {
        "ticker": "601919.SH",
        "period": "2022-12-31",
        "statement_type": "BS",
        "metrics": {
          "total_assets": 511779713798.98,
          "total_equity": 200382772670.87,
          "total_liabilities": 258256246129.9,
          "cash_and_equivalents": 236876613424.69,
          "long_term_debt": 18694755164.34,
          "inventory": 7017036782.85,
          "accounts_payable": 105962052507.01,
          "current_assets": 261154129671.87,
          "current_liabilities": 159382115023.13,
          "shares_outstanding": 16094861636.0
        }
      },
      {
        "ticker": "601919.SH",
        "period": "2022-09-30",
        "statement_type": "BS",
        "metrics": {
          "total_assets": 549695723343.4,
          "total_equity": 221622443594.45,
          "total_liabilities": 275331668944.51,
          "cash_and_equivalents": 297337727158.11,
          "long_term_debt": 29610967900.83,
          "inventory": 7652119666.82,
          "accounts_payable": 108586447671.39,
          "current_assets": 324782613188.46,
          "current_liabilities": 177157178365.55,
          "shares_outstanding": 16093819795.0
        }
      },
      {
        "ticker": "601919.SH",
        "period": "2022-06-30",
        "statement_type": "BS",
        "metrics": {
          "total_assets": 495936089040.31,
          "total_equity": 186654038833.87,
          "total_liabilities": 255304232186.54,
          "cash_and_equivalents": 247863516182.21,
          "long_term_debt": 28958439666.26,
          "inventory": 7858283980.74,
          "accounts_payable": 97449534622.55,
          "current_assets": 276797683168.74,
          "current_liabilities": 161172566246.81,
          "shares_outstanding": 16015005256.0
        }
      },
      {
        "ticker": "601919.SH",
        "period": "2022-03-31",
        "statement_type": "BS",
        "metrics": {
          "total_assets": 476287438780.27,
          "total_equity": 160389604457.61,
          "total_liabilities": 265688328037.13,
          "cash_and_equivalents": 236197062186.87,
          "long_term_debt": 999087833.42,
          "inventory": 6238583822.97,
          "accounts_payable": 91314017777.83,
          "current_assets": 263269449492.92,
          "current_liabilities": 152044628714.35,
          "shares_outstanding": 16014184780.0
        }
      },
      {
        "ticker": "601919.SH",
        "period": "2021-12-31",
        "statement_type": "BS",
        "metrics": {
          "total_assets": 413668080701.4,
          "total_equity": 133094325586.73,
          "total_liabilities": 234807538449.7,
          "cash_and_equivalents": 178328227514.54,
          "long_term_debt": 2909862719.06,
          "inventory": 5409245070.08,
          "accounts_payable": 69100862817.32,
          "current_assets": 202516423117.25,
          "current_liabilities": 121321303551.56,
          "shares_outstanding": 16014125710.0
        }
      },
      {
        "ticker": "601919.SH",
        "period": "2021-09-30",
        "statement_type": "BS",
        "metrics": {
          "total_assets": 373668332194.74,
          "total_equity": 111981507104.72,
          "total_liabilities": 220990402938.69,
          "cash_and_equivalents": 144371319148.41,
          "long_term_debt": 9412717348.14,
          "inventory": 4551790251.34,
          "accounts_payable": 53651126335.03,
          "current_assets": 169812308809.74,
          "current_liabilities": 101753371803.48,
          "shares_outstanding": 16013702325.0
        }
      },
      {
        "ticker": "601919.SH",
        "period": "2021-09-30",
        "statement_type": "BS",
        "metrics": {
          "total_assets": 373668332194.74,
          "total_equity": 111981507104.72,
          "total_liabilities": 220990402938.69,
          "cash_and_equivalents": 144371319148.41,
          "long_term_debt": 9412717348.14,
          "inventory": 4551790251.34,
          "accounts_payable": 53651126335.03,
          "current_assets": 169812308809.74,
          "current_liabilities": 101753371803.48,
          "shares_outstanding": 16013702325.0
        }
      },
      {
        "ticker": "601919.SH",
        "period": "2021-06-30",
        "statement_type": "BS",
        "metrics": {
          "total_assets": 323953200524.0,
          "total_equity": 80710510831.14,
          "total_liabilities": 204091272984.17,
          "cash_and_equivalents": 102141545175.94,
          "long_term_debt": 9376144063.16,
          "inventory": 4345158600.2,
          "accounts_payable": 47412177609.67,
          "current_assets": 125093438185.53,
          "current_liabilities": 84855732002.03,
          "shares_outstanding": 12315998889.0
        }
      },
      {
        "ticker": "601919.SH",
        "period": "2021-03-31",
        "statement_type": "BS",
        "metrics": {
          "total_assets": 292323926676.18,
          "total_equity": 59471561182.32,
          "total_liabilities": 195232805932.51,
          "cash_and_equivalents": 71373814783.94,
          "long_term_debt": 9516584508.73,
          "inventory": 3836703283.82,
          "accounts_payable": 41239592238.95,
          "current_assets": 93098223766.65,
          "current_liabilities": 80578508284.22,
          "shares_outstanding": 12259529227.0
        }
      },
      {
        "ticker": "601919.SH",
        "period": "2021-03-31",
        "statement_type": "BS",
        "metrics": {
          "total_assets": 292323926676.18,
          "total_equity": 59471561182.32,
          "total_liabilities": 195232805932.51,
          "cash_and_equivalents": 71373814783.94,
          "long_term_debt": 9516584508.73,
          "inventory": 3836703283.82,
          "accounts_payable": 41239592238.95,
          "current_assets": 93098223766.65,
          "current_liabilities": 80578508284.22,
          "shares_outstanding": 12259529227.0
        }
      },
      {
        "ticker": "601919.SH",
        "period": "2020-12-31",
        "statement_type": "BS",
        "metrics": {
          "total_assets": 271926073831.72,
          "total_equity": 43913865928.85,
          "total_liabilities": 193229017272.09,
          "cash_and_equivalents": 52851389271.63,
          "long_term_debt": 9452696143.82,
          "inventory": 3231548656.76,
          "accounts_payable": 33538373086.61,
          "current_assets": 71965960150.26,
          "current_liabilities": 74005692419.57,
          "shares_outstanding": 12259529227.0
        }
      },
      {
        "ticker": "601919.SH",
        "period": "2020-12-31",
        "statement_type": "BS",
        "metrics": {
          "total_assets": 271926073831.72,
          "total_equity": 43913865928.85,
          "total_liabilities": 193229017272.09,
          "cash_and_equivalents": 52851389271.63,
          "long_term_debt": 9452696143.82,
          "inventory": 3231548656.76,
          "accounts_payable": 33538373086.61,
          "current_assets": 71965960150.26,
          "current_liabilities": 74005692419.57,
          "shares_outstanding": 12259529227.0
        }
      },
      {
        "ticker": "601919.SH",
        "period": "2020-09-30",
        "statement_type": "BS",
        "metrics": {
          "total_assets": 247584673407.05,
          "total_equity": 38989880618.89,
          "total_liabilities": 174725742916.77,
          "cash_and_equivalents": 45391318162.17,
          "long_term_debt": 13814615697.55,
          "inventory": 3385906576.92,
          "accounts_payable": 27154599461.26,
          "current_assets": 63974240981.62,
          "current_liabilities": 67745654815.02,
          "shares_outstanding": 12259529227.0
        }
      },
      {
        "ticker": "601919.SH",
        "period": "2020-06-30",
        "statement_type": "BS",
        "metrics": {
          "total_assets": 254382094842.74,
          "total_equity": 36910948587.78,
          "total_liabilities": 183479605793.54,
          "cash_and_equivalents": 46048189349.12,
          "long_term_debt": 14158731082.94,
          "inventory": 3405618542.67,
          "accounts_payable": 24206911809.87,
          "current_assets": 65415741532.79,
          "current_liabilities": 69184637820.15,
          "shares_outstanding": 12259529227.0
        }
      },
      {
        "ticker": "601919.SH",
        "period": "2020-06-30",
        "statement_type": "BS",
        "metrics": {
          "total_assets": 254382094842.74,
          "total_equity": 36910948587.78,
          "total_liabilities": 183479605793.54,
          "cash_and_equivalents": 46048189349.12,
          "long_term_debt": 14158731082.94,
          "inventory": 3405618542.67,
          "accounts_payable": 24206911809.87,
          "current_assets": 65415741532.79,
          "current_liabilities": 69184637820.15,
          "shares_outstanding": 12259529227.0
        }
      },
      {
        "ticker": "601919.SH",
        "period": "2020-03-31",
        "statement_type": "BS",
        "metrics": {
          "total_assets": 249531734080.04,
          "total_equity": 35844857345.19,
          "total_liabilities": 179947532286.63,
          "cash_and_equivalents": 38260129679.2,
          "long_term_debt": 13163803650.95,
          "inventory": 3991082745.71,
          "accounts_payable": 21002415628.84,
          "current_assets": 59922148711.16,
          "current_liabilities": 61997114050.8,
          "shares_outstanding": 12259529227.0
        }
      },
      {
        "ticker": "601919.SH",
        "period": "2019-12-31",
        "statement_type": "BS",
        "metrics": {
          "total_assets": 262224029547.74,
          "total_equity": 35359676133.83,
          "total_liabilities": 193098792896.16,
          "cash_and_equivalents": 50329691977.73,
          "long_term_debt": 13018366997.52,
          "inventory": 4054416698.57,
          "accounts_payable": 21634298491.56,
          "current_assets": 72301657237.65,
          "current_liabilities": 70427629086.27,
          "shares_outstanding": 12259529227.0
        }
      },
      {
        "ticker": "601919.SH",
        "period": "2019-12-31",
        "statement_type": "BS",
        "metrics": {
          "total_assets": 262224029547.74,
          "total_equity": 35359676133.83,
          "total_liabilities": 193098792896.16,
          "cash_and_equivalents": 50329691977.73,
          "long_term_debt": 13018366997.52,
          "inventory": 4054416698.57,
          "accounts_payable": 21634298491.56,
          "current_assets": 72301657237.65,
          "current_liabilities": 70427629086.27,
          "shares_outstanding": 12259529227.0
        }
      },
      {
        "ticker": "601919.SH",
        "period": "2019-09-30",
        "statement_type": "BS",
        "metrics": {
          "total_assets": 264305017682.74,
          "total_equity": 30804576027.86,
          "total_liabilities": 199771394299.82,
          "cash_and_equivalents": 37936307271.26,
          "long_term_debt": 13138905259.96,
          "inventory": 3733494318.01,
          "accounts_payable": 21524166244.44,
          "current_assets": 70889705741.27,
          "current_liabilities": 73968915412.84,
          "shares_outstanding": 12259529227.0
        }
      },
      {
        "ticker": "601919.SH",
        "period": "2019-06-30",
        "statement_type": "BS",
        "metrics": {
          "total_assets": 255995058383.47,
          "total_equity": 29413491627.62,
          "total_liabilities": 193187353573.1,
          "cash_and_equivalents": 33418445606.8,
          "long_term_debt": 17860584313.97,
          "inventory": 4100769078.6,
          "accounts_payable": 21322034604.03,
          "current_assets": 66540905303.4,
          "current_liabilities": 79151807179.74,
          "shares_outstanding": 12259529227.0
        }
      },
      {
        "ticker": "601919.SH",
        "period": "2019-03-31",
        "statement_type": "BS",
        "metrics": {
          "total_assets": 256201397518.04,
          "total_equity": 29144075710.34,
          "total_liabilities": 194090342872.99,
          "cash_and_equivalents": 42533660314.2,
          "long_term_debt": 17669446574.87,
          "inventory": 3701851055.53,
          "current_assets": 73312280920.75,
          "current_liabilities": 90064875334.13,
          "shares_outstanding": 12259529227.0
        }
      },
      {
        "ticker": "601919.SH",
        "period": "2018-12-31",
        "statement_type": "BS",
        "metrics": {
          "total_assets": 228143804963.2,
          "total_equity": 22886213478.1,
          "total_liabilities": 171790915611.87,
          "cash_and_equivalents": 33994971789.8,
          "long_term_debt": 17828847537.62,
          "inventory": 4100906309.22,
          "accounts_payable": 20039357757.53,
          "current_assets": 60304398877.0,
          "current_liabilities": 88779117071.47,
          "shares_outstanding": 10216274357.0
        }
      },
      {
        "ticker": "601919.SH",
        "period": "2018-12-31",
        "statement_type": "BS",
        "metrics": {
          "total_assets": 228143804963.2,
          "total_equity": 22886213478.1,
          "total_liabilities": 171790915611.87,
          "cash_and_equivalents": 33994971789.8,
          "long_term_debt": 17828847537.62,
          "inventory": 4100906309.22,
          "accounts_payable": 20039357757.53,
          "current_assets": 60304398877.0,
          "current_liabilities": 88779117071.47,
          "shares_outstanding": 10216274357.0
        }
      },
      {
        "ticker": "601919.SH",
        "period": "2018-09-30",
        "statement_type": "BS",
        "metrics": {
          "total_assets": 227872394963.78,
          "total_equity": 22329938974.96,
          "total_liabilities": 172886468256.31,
          "cash_and_equivalents": 35073260490.0,
          "long_term_debt": 13852060238.36,
          "inventory": 3917600841.86,
          "current_assets": 64350445031.77,
          "current_liabilities": 95823150279.83,
          "shares_outstanding": 10216274357.0
        }
      },
      {
        "ticker": "601919.SH",
        "period": "2018-09-30",
        "statement_type": "BS",
        "metrics": {
          "total_assets": 227872394963.78,
          "total_equity": 22329938974.96,
          "total_liabilities": 172886468256.31,
          "cash_and_equivalents": 35073260490.0,
          "long_term_debt": 13852060238.36,
          "inventory": 3917600841.86,
          "current_assets": 64350445031.77,
          "current_liabilities": 95823150279.83,
          "shares_outstanding": 10216274357.0
        }
      },
      {
        "ticker": "601919.SH",
        "period": "2018-06-30",
        "statement_type": "BS",
        "metrics": {
          "total_assets": 147212302478.8,
          "total_equity": 20838660956.63,
          "total_liabilities": 102994959981.22,
          "cash_and_equivalents": 29907055018.89,
          "long_term_debt": 13505839493.35,
          "inventory": 2985271608.58,
          "accounts_payable": 17496705076.85,
          "current_assets": 45245533942.7,
          "current_liabilities": 55197536638.76,
          "shares_outstanding": 10216274357.0
        }
      },
      {
        "ticker": "601919.SH",
        "period": "2018-06-30",
        "statement_type": "BS",
        "metrics": {
          "total_assets": 147212302478.8,
          "total_equity": 20838660956.63,
          "total_liabilities": 102994959981.22,
          "cash_and_equivalents": 29907055018.89,
          "long_term_debt": 13505839493.35,
          "inventory": 2985271608.58,
          "accounts_payable": 17496705076.85,
          "current_assets": 45245533942.7,
          "current_liabilities": 55197536638.76,
          "shares_outstanding": 10216274357.0
        }
      },
      {
        "ticker": "601919.SH",
        "period": "2018-03-31",
        "statement_type": "BS",
        "metrics": {
          "total_assets": 129358890138.96,
          "total_equity": 20174551005.63,
          "total_liabilities": 86002817157.98,
          "cash_and_equivalents": 21247764821.07,
          "long_term_debt": 13074919601.42,
          "inventory": 2193327363.8,
          "accounts_payable": 15851535396.68,
          "current_assets": 34792299369.72,
          "current_liabilities": 40728264681.52,
          "shares_outstanding": 10216274357.0
        }
      },
      {
        "ticker": "601919.SH",
        "period": "2017-12-31",
        "statement_type": "BS",
        "metrics": {
          "total_assets": 133190004778.33,
          "total_equity": 20669286170.3,
          "total_liabilities": 89479424870.34,
          "cash_and_equivalents": 26089745614.14,
          "long_term_debt": 13385249325.76,
          "inventory": 2330220764.04,
          "accounts_payable": 16310881141.31,
          "current_assets": 39442194826.72,
          "current_liabilities": 43491993840.83,
          "shares_outstanding": 10216274357.0
        }
      },
      {
        "ticker": "601919.SH",
        "period": "2017-12-31",
        "statement_type": "BS",
        "metrics": {
          "total_assets": 133190004778.33,
          "total_equity": 20669286170.3,
          "total_liabilities": 89479424870.34,
          "cash_and_equivalents": 26089745614.14,
          "long_term_debt": 13385249325.76,
          "inventory": 2330220764.04,
          "accounts_payable": 16310881141.31,
          "current_assets": 39442194826.72,
          "current_liabilities": 43491993840.83,
          "shares_outstanding": 10216274357.0
        }
      },
      {
        "ticker": "601919.SH",
        "period": "2017-09-30",
        "statement_type": "BS",
        "metrics": {
          "total_assets": 132442559003.16,
          "total_equity": 21069287377.84,
          "total_liabilities": 89461827949.93,
          "cash_and_equivalents": 31981611817.19,
          "long_term_debt": 17496487641.11,
          "inventory": 2195460109.95,
          "accounts_payable": 17396501347.43,
          "current_assets": 45728415990.21,
          "current_liabilities": 42853773472.07,
          "shares_outstanding": 10216274357.0
        }
      },
      {
        "ticker": "601919.SH",
        "period": "2017-06-30",
        "statement_type": "BS",
        "metrics": {
          "total_assets": 124264152403.64,
          "total_equity": 20372771509.9,
          "total_liabilities": 82662781151.34,
          "cash_and_equivalents": 25124138285.69,
          "long_term_debt": 17663476143.28,
          "inventory": 2315027207.63,
          "accounts_payable": 16896478556.13,
          "current_assets": 39210055472.61,
          "current_liabilities": 39950926045.2,
          "shares_outstanding": 10216274357.0
        }
      },
      {
        "ticker": "601919.SH",
        "period": "2017-06-30",
        "statement_type": "BS",
        "metrics": {
          "total_assets": 124264152403.64,
          "total_equity": 20372771509.9,
          "total_liabilities": 82662781151.34,
          "cash_and_equivalents": 25124138285.69,
          "long_term_debt": 17663476143.28,
          "inventory": 2315027207.63,
          "accounts_payable": 16896478556.13,
          "current_assets": 39210055472.61,
          "current_liabilities": 39950926045.2,
          "shares_outstanding": 10216274357.0
        }
      },
      {
        "ticker": "601919.SH",
        "period": "2017-03-31",
        "statement_type": "BS",
        "metrics": {
          "total_assets": 120574299123.31,
          "total_equity": 18791801478.93,
          "total_liabilities": 82043593732.75,
          "cash_and_equivalents": 31551526279.97,
          "long_term_debt": 17814181974.04,
          "inventory": 1717782049.38,
          "accounts_payable": 15952237663.39,
          "current_assets": 46135907739.7,
          "current_liabilities": 35472722791.82,
          "shares_outstanding": 10216274357.0
        }
      },
      {
        "ticker": "601919.SH",
        "period": "2016-12-31",
        "statement_type": "BS",
        "metrics": {
          "total_assets": 119652733482.28,
          "total_equity": 18323295777.8,
          "total_liabilities": 82103864595.96,
          "cash_and_equivalents": 32512220160.09,
          "long_term_debt": 17852399313.18,
          "inventory": 1564690161.94,
          "accounts_payable": 16772261521.0,
          "current_assets": 45362465675.77,
          "current_liabilities": 33500612249.81,
          "shares_outstanding": 10216274357.0
        }
      },
      {
        "ticker": "601919.SH",
        "period": "2016-12-31",
        "statement_type": "BS",
        "metrics": {
          "total_assets": 119652733482.28,
          "total_equity": 18323295777.8,
          "total_liabilities": 82103864595.96,
          "cash_and_equivalents": 32512220160.09,
          "long_term_debt": 17852399313.18,
          "inventory": 1564690161.94,
          "accounts_payable": 16772261521.0,
          "current_assets": 45362465675.77,
          "current_liabilities": 33500612249.81,
          "shares_outstanding": 10216274357.0
        }
      },
      {
        "ticker": "601919.SH",
        "period": "2016-09-30",
        "statement_type": "BS",
        "metrics": {
          "total_assets": 120827217612.97,
          "total_equity": 18500176196.31,
          "total_liabilities": 83450053761.62,
          "cash_and_equivalents": 34442988068.55,
          "long_term_debt": 17508536070.88,
          "inventory": 1329384015.8,
          "accounts_payable": 15926248626.08,
          "current_assets": 47354200489.24,
          "current_liabilities": 34136977292.3,
          "shares_outstanding": 10216274357.0
        }
      },
      {
        "ticker": "601919.SH",
        "period": "2016-06-30",
        "statement_type": "BS",
        "metrics": {
          "total_assets": 117840342356.27,
          "total_equity": 20304056022.49,
          "total_liabilities": 78627358814.27,
          "cash_and_equivalents": 35063289889.74,
          "long_term_debt": 17438440318.17,
          "inventory": 1294326932.53,
          "accounts_payable": 13605425846.6,
          "current_assets": 45951877376.8,
          "current_liabilities": 28840360728.3,
          "shares_outstanding": 10216274357.0
        }
      },
      {
        "ticker": "601919.SH",
        "period": "2016-06-30",
        "statement_type": "BS",
        "metrics": {
          "total_assets": 117840342356.27,
          "total_equity": 20304056022.49,
          "total_liabilities": 78627358814.27,
          "cash_and_equivalents": 35063289889.74,
          "long_term_debt": 17438440318.17,
          "inventory": 1294326932.53,
          "accounts_payable": 13605425846.6,
          "current_assets": 45951877376.8,
          "current_liabilities": 28840360728.3,
          "shares_outstanding": 10216274357.0
        }
      },
      {
        "ticker": "601919.SH",
        "period": "2016-03-31",
        "statement_type": "BS",
        "metrics": {
          "total_assets": 115859278857.27,
          "total_equity": 22538364879.41,
          "total_liabilities": 74389325391.37,
          "cash_and_equivalents": 34797853416.17,
          "long_term_debt": 17209747692.58,
          "inventory": 1081595276.86,
          "accounts_payable": 10923799414.58,
          "current_assets": 44787248494.82,
          "current_liabilities": 26029287684.93,
          "shares_outstanding": 10216274357.0
        }
      },
      {
        "ticker": "601919.SH",
        "period": "2015-12-31",
        "statement_type": "BS",
        "metrics": {
          "total_assets": 148193148754.95,
          "total_equity": 24653325636.11,
          "total_liabilities": 103255638051.89,
          "cash_and_equivalents": 33015271236.46,
          "long_term_debt": 17241381284.68,
          "inventory": 1469230883.75,
          "accounts_payable": 8667906358.51,
          "current_assets": 41851645175.52,
          "current_liabilities": 26146656893.6,
          "shares_outstanding": 10216274357.0
        }
      },
      {
        "ticker": "601919.SH",
        "period": "2015-12-31",
        "statement_type": "BS",
        "metrics": {
          "total_assets": 148193148754.95,
          "total_equity": 24653325636.11,
          "total_liabilities": 103255638051.89,
          "cash_and_equivalents": 33015271236.46,
          "long_term_debt": 17241381284.68,
          "inventory": 1469230883.75,
          "accounts_payable": 8667906358.51,
          "current_assets": 41851645175.52,
          "current_liabilities": 26146656893.6,
          "shares_outstanding": 10216274357.0
        }
      },
      {
        "ticker": "601919.SH",
        "period": "2015-09-30",
        "statement_type": "BS",
        "metrics": {
          "total_assets": 152494801585.58,
          "total_equity": 24471209010.7,
          "total_liabilities": 108499489880.94,
          "cash_and_equivalents": 39997923817.31,
          "long_term_debt": 17061347658.87,
          "inventory": 1766196482.01,
          "accounts_payable": 10440398320.9,
          "current_assets": 51584176390.23,
          "current_liabilities": 35895937713.8,
          "shares_outstanding": 10216274357.0
        }
      },
      {
        "ticker": "601919.SH",
        "period": "2015-06-30",
        "statement_type": "BS",
        "metrics": {
          "total_assets": 155204994940.26,
          "total_equity": 26166286332.93,
          "total_liabilities": 109840873386.75,
          "cash_and_equivalents": 44808094055.87,
          "long_term_debt": 16733245610.49,
          "inventory": 1983980313.93,
          "accounts_payable": 11363191027.7,
          "current_assets": 56307370595.32,
          "current_liabilities": 37381127024.44,
          "shares_outstanding": 10216274357.0
        }
      },
      {
        "ticker": "601919.SH",
        "period": "2015-03-31",
        "statement_type": "BS",
        "metrics": {
          "total_assets": 146106987127.56,
          "total_equity": 23327738717.1,
          "total_liabilities": 103957126247.77,
          "cash_and_equivalents": 38460291560.81,
          "long_term_debt": 16760159580.7,
          "inventory": 2043833082.38,
          "accounts_payable": 10642042561.82,
          "current_assets": 48723115445.26,
          "current_liabilities": 36389567607.94,
          "shares_outstanding": 10216274357.0
        }
      },
      {
        "ticker": "601919.SH",
        "period": "2014-12-31",
        "statement_type": "BS",
        "metrics": {
          "total_assets": 148820394026.43,
          "total_equity": 24379162248.53,
          "total_liabilities": 105862436265.55,
          "cash_and_equivalents": 40572435031.56,
          "long_term_debt": 16720557031.7,
          "inventory": 2199829657.09,
          "accounts_payable": 9910370081.65,
          "current_assets": 50843275201.5,
          "current_liabilities": 35398666811.46,
          "shares_outstanding": 10216274357.0
        }
      },
      {
        "ticker": "601919.SH",
        "period": "2014-12-31",
        "statement_type": "BS",
        "metrics": {
          "total_assets": 148820394026.43,
          "total_equity": 24379162248.53,
          "total_liabilities": 105862436265.55,
          "cash_and_equivalents": 40572435031.56,
          "long_term_debt": 16720557031.7,
          "inventory": 2199829657.09,
          "accounts_payable": 9910370081.65,
          "current_assets": 50843275201.5,
          "current_liabilities": 35398666811.46,
          "shares_outstanding": 10216274357.0
        }
      },
      {
        "ticker": "601919.SH",
        "period": "2014-09-30",
        "statement_type": "BS",
        "metrics": {
          "total_assets": 154256975758.57,
          "total_equity": 23708163880.31,
          "total_liabilities": 111990790623.09,
          "cash_and_equivalents": 43065355270.07,
          "long_term_debt": 16753699846.17,
          "inventory": 2559736103.61,
          "accounts_payable": 10996085308.32,
          "current_assets": 55271137838.16,
          "current_liabilities": 38310567813.96,
          "shares_outstanding": 10216274357.0
        }
      },
      {
        "ticker": "601919.SH",
        "period": "2014-09-30",
        "statement_type": "BS",
        "metrics": {
          "total_assets": 154256975758.57,
          "total_equity": 23708163880.31,
          "total_liabilities": 111990790623.09,
          "cash_and_equivalents": 43065355270.07,
          "long_term_debt": 16753699846.17,
          "inventory": 2559736103.61,
          "accounts_payable": 10996085308.32,
          "current_assets": 55271137838.16,
          "current_liabilities": 38310567813.96,
          "shares_outstanding": 10216274357.0
        }
      },
      {
        "ticker": "601919.SH",
        "period": "2014-06-30",
        "statement_type": "BS",
        "metrics": {
          "total_assets": 151164435353.91,
          "total_equity": 22145261319.22,
          "total_liabilities": 110631077712.86,
          "cash_and_equivalents": 38158994049.64,
          "long_term_debt": 16744249090.27,
          "inventory": 2635799906.33,
          "accounts_payable": 12007395815.51,
          "current_assets": 50945985932.66,
          "current_liabilities": 36890706362.73,
          "shares_outstanding": 10216274357.0
        }
      },
      {
        "ticker": "601919.SH",
        "period": "2014-03-31",
        "statement_type": "BS",
        "metrics": {
          "total_assets": 160465182086.76,
          "total_equity": 22560133803.64,
          "total_liabilities": 119638191595.13,
          "cash_and_equivalents": 48994496193.91,
          "long_term_debt": 16740137047.13,
          "inventory": 2638529695.48,
          "accounts_payable": 11463434170.61,
          "current_assets": 60993900694.87,
          "current_liabilities": 48250831188.7,
          "shares_outstanding": 10216274357.0
        }
      },
      {
        "ticker": "601919.SH",
        "period": "2013-12-31",
        "statement_type": "BS",
        "metrics": {
          "total_assets": 161925810787.5,
          "total_equity": 24222584617.99,
          "total_liabilities": 119812004044.01,
          "cash_and_equivalents": 49063321228.98,
          "long_term_debt": 16652996420.57,
          "inventory": 2645522539.87,
          "accounts_payable": 10925933861.79,
          "current_assets": 64824000692.67,
          "current_liabilities": 48121389251.51,
          "shares_outstanding": 10216274357.0
        }
      },
      {
        "ticker": "601919.SH",
        "period": "2013-12-31",
        "statement_type": "BS",
        "metrics": {
          "total_assets": 161925810787.5,
          "total_equity": 24222584617.99,
          "total_liabilities": 119812004044.01,
          "cash_and_equivalents": 49063321228.98,
          "long_term_debt": 16652996420.57,
          "inventory": 2645522539.87,
          "accounts_payable": 10925933861.79,
          "current_assets": 64824000692.67,
          "current_liabilities": 48121389251.51,
          "shares_outstanding": 10216274357.0
        }
      },
      {
        "ticker": "601919.SH",
        "period": "2013-09-30",
        "statement_type": "BS",
        "metrics": {
          "total_assets": 166500536360.41,
          "total_equity": 22356411112.16,
          "total_liabilities": 126858929555.69,
          "cash_and_equivalents": 48603640307.07,
          "long_term_debt": 16753639890.79,
          "inventory": 2833748232.71,
          "accounts_payable": 11751027340.35,
          "current_assets": 61449496486.59,
          "current_liabilities": 50483488951.29,
          "shares_outstanding": 10216274357.0
        }
      },
      {
        "ticker": "601919.SH",
        "period": "2013-06-30",
        "statement_type": "BS",
        "metrics": {
          "total_assets": 167221301901.42,
          "total_equity": 23484844339.31,
          "total_liabilities": 125963303104.49,
          "cash_and_equivalents": 55555423090.47,
          "long_term_debt": 16738126833.07,
          "inventory": 2835466979.93,
          "accounts_payable": 11705041080.48,
          "current_assets": 71588283532.15,
          "current_liabilities": 47535551284.51,
          "shares_outstanding": 10216274357.0
        }
      },
      {
        "ticker": "601919.SH",
        "period": "2013-06-30",
        "statement_type": "BS",
        "metrics": {
          "total_assets": 167221301901.42,
          "total_equity": 23484844339.31,
          "total_liabilities": 125963303104.49,
          "cash_and_equivalents": 55555423090.47,
          "long_term_debt": 16738126833.07,
          "inventory": 2835466979.93,
          "accounts_payable": 11705041080.48,
          "current_assets": 71588283532.15,
          "current_liabilities": 47535551284.51,
          "shares_outstanding": 10216274357.0
        }
      },
      {
        "ticker": "601919.SH",
        "period": "2013-03-31",
        "statement_type": "BS",
        "metrics": {
          "total_assets": 172195273845.29,
          "total_equity": 23047571952.79,
          "total_liabilities": 132280474443.94,
          "cash_and_equivalents": 50100627767.38,
          "long_term_debt": 26805166933.76,
          "inventory": 2912627751.91,
          "accounts_payable": 14055689171.25,
          "current_assets": 68437461661.47,
          "current_liabilities": 39149365803.8,
          "shares_outstanding": 10216274357.0
        }
      },
      {
        "ticker": "601919.SH",
        "period": "2012-12-31",
        "statement_type": "BS",
        "metrics": {
          "total_assets": 165228060580.82,
          "total_equity": 25136886168.71,
          "total_liabilities": 123530539273.74,
          "cash_and_equivalents": 46836248424.81,
          "long_term_debt": 24950566769.19,
          "inventory": 2998547239.87,
          "accounts_payable": 12953267478.32,
          "current_assets": 63450158450.68,
          "current_liabilities": 39904925005.6,
          "shares_outstanding": 10216274357.0
        }
      },
      {
        "ticker": "601919.SH",
        "period": "2012-12-31",
        "statement_type": "BS",
        "metrics": {
          "total_assets": 165228060580.82,
          "total_equity": 25136886168.71,
          "total_liabilities": 123530539273.74,
          "cash_and_equivalents": 46836248424.81,
          "long_term_debt": 24950566769.19,
          "inventory": 2998547239.87,
          "accounts_payable": 12953267478.32,
          "current_assets": 63450158450.68,
          "current_liabilities": 39904925005.6,
          "shares_outstanding": 10216274357.0
        }
      },
      {
        "ticker": "601919.SH",
        "period": "2012-09-30",
        "statement_type": "BS",
        "metrics": {
          "total_assets": 159707943488.57,
          "total_equity": 28505751818.51,
          "total_liabilities": 114915629035.2,
          "cash_and_equivalents": 40714838446.21,
          "long_term_debt": 20726964495.99,
          "inventory": 4377812083.84,
          "accounts_payable": 15609364396.91,
          "current_assets": 59790563008.68,
          "current_liabilities": 43145669200.05,
          "shares_outstanding": 10216274357.0
        }
      },
      {
        "ticker": "601919.SH",
        "period": "2012-09-30",
        "statement_type": "BS",
        "metrics": {
          "total_assets": 159707943488.57,
          "total_equity": 28505751818.51,
          "total_liabilities": 114915629035.2,
          "cash_and_equivalents": 40714838446.21,
          "long_term_debt": 20726964495.99,
          "inventory": 4377812083.84,
          "accounts_payable": 15609364396.91,
          "current_assets": 59790563008.68,
          "current_liabilities": 43145669200.05,
          "shares_outstanding": 10216274357.0
        }
      },
      {
        "ticker": "601919.SH",
        "period": "2012-06-30",
        "statement_type": "BS",
        "metrics": {
          "total_assets": 158136827084.22,
          "total_equity": 29951078125.2,
          "total_liabilities": 112165385413.51,
          "cash_and_equivalents": 41818482885.92,
          "long_term_debt": 20712149400.27,
          "inventory": 4333676436.1,
          "accounts_payable": 15494682327.23,
          "current_assets": 60928453771.8,
          "current_liabilities": 46327259154.25,
          "shares_outstanding": 10216274357.0
        }
      },
      {
        "ticker": "601919.SH",
        "period": "2012-06-30",
        "statement_type": "BS",
        "metrics": {
          "total_assets": 158136827084.22,
          "total_equity": 29951078125.2,
          "total_liabilities": 112165385413.51,
          "cash_and_equivalents": 41818482885.92,
          "long_term_debt": 20712149400.27,
          "inventory": 4333676436.1,
          "accounts_payable": 15494682327.23,
          "current_assets": 60928453771.8,
          "current_liabilities": 46327259154.25,
          "shares_outstanding": 10216274357.0
        }
      },
      {
        "ticker": "601919.SH",
        "period": "2012-03-31",
        "statement_type": "BS",
        "metrics": {
          "total_assets": 160305018526.47,
          "total_equity": 32035490351.09,
          "total_liabilities": 112471458909.79,
          "cash_and_equivalents": 47155941922.88,
          "long_term_debt": 20695780222.74,
          "inventory": 4640838074.72,
          "accounts_payable": 14359005981.32,
          "current_assets": 65229059845.64,
          "current_liabilities": 49616290997.14,
          "shares_outstanding": 10216274357.0
        }
      },
      {
        "ticker": "601919.SH",
        "period": "2011-12-31",
        "statement_type": "BS",
        "metrics": {
          "total_assets": 157436613874.49,
          "total_equity": 34695286175.1,
          "total_liabilities": 107266160974.55,
          "cash_and_equivalents": 47890265070.5,
          "long_term_debt": 20691818342.96,
          "inventory": 3651741386.88,
          "accounts_payable": 12760984627.22,
          "current_assets": 63386433098.31,
          "current_liabilities": 47315555018.61,
          "shares_outstanding": 10216274357.0
        }
      },
      {
        "ticker": "601919.SH",
        "period": "2011-12-31",
        "statement_type": "BS",
        "metrics": {
          "total_assets": 157436613874.49,
          "total_equity": 34695286175.1,
          "total_liabilities": 107266160974.55,
          "cash_and_equivalents": 47890265070.5,
          "long_term_debt": 20691818342.96,
          "inventory": 3651741386.88,
          "accounts_payable": 12760984627.22,
          "current_assets": 63386433098.31,
          "current_liabilities": 47315555018.61,
          "shares_outstanding": 10216274357.0
        }
      },
      {
        "ticker": "601919.SH",
        "period": "2011-09-30",
        "statement_type": "BS",
        "metrics": {
          "total_assets": 156664224715.39,
          "total_equity": 40425248058.01,
          "total_liabilities": 100951642110.23,
          "cash_and_equivalents": 43931225947.19,
          "long_term_debt": 16796958502.85,
          "inventory": 4137546332.04,
          "accounts_payable": 14679048679.4,
          "current_assets": 62538290024.75,
          "current_liabilities": 46149311871.74,
          "shares_outstanding": 10216274357.0
        }
      },
      {
        "ticker": "601919.SH",
        "period": "2011-09-30",
        "statement_type": "BS",
        "metrics": {
          "total_assets": 156664224715.39,
          "total_equity": 40425248058.01,
          "total_liabilities": 100951642110.23,
          "cash_and_equivalents": 43931225947.19,
          "long_term_debt": 16796958502.85,
          "inventory": 4137546332.04,
          "accounts_payable": 14679048679.4,
          "current_assets": 62538290024.75,
          "current_liabilities": 46149311871.74,
          "shares_outstanding": 10216274357.0
        }
      },
      {
        "ticker": "601919.SH",
        "period": "2011-06-30",
        "statement_type": "BS",
        "metrics": {
          "total_assets": 156339397712.51,
          "total_equity": 43366634673.12,
          "total_liabilities": 97543172670.79,
          "cash_and_equivalents": 44850255806.58,
          "long_term_debt": 16828344187.7,
          "inventory": 3615549640.07,
          "accounts_payable": 13949594917.2,
          "current_assets": 61784203824.12,
          "current_liabilities": 40823947144.4,
          "shares_outstanding": 10216274357.0
        }
      },
      {
        "ticker": "601919.SH",
        "period": "2011-03-31",
        "statement_type": "BS",
        "metrics": {
          "total_assets": 154970671960.13,
          "total_equity": 46781251205.13,
          "total_liabilities": 92895022609.2,
          "cash_and_equivalents": 44615184947.06,
          "long_term_debt": 16850814358.81,
          "inventory": 2950114319.65,
          "accounts_payable": 12524598374.74,
          "current_assets": 59825908421.22,
          "current_liabilities": 32530369331.83,
          "shares_outstanding": 10216274357.0
        }
      },
      {
        "ticker": "601919.SH",
        "period": "2010-12-31",
        "statement_type": "BS",
        "metrics": {
          "total_assets": 150867857978.2,
          "total_equity": 47752464948.45,
          "total_liabilities": 88648109556.28,
          "cash_and_equivalents": 47696358173.03,
          "long_term_debt": 16869312894.44,
          "inventory": 2317704385.85,
          "accounts_payable": 10994468549.88,
          "current_assets": 61024932087.36,
          "current_liabilities": 28402450559.35,
          "shares_outstanding": 10216274357.0
        }
      },
      {
        "ticker": "601919.SH",
        "period": "2010-12-31",
        "statement_type": "BS",
        "metrics": {
          "total_assets": 150867857978.2,
          "total_equity": 47752464948.45,
          "total_liabilities": 88648109556.28,
          "cash_and_equivalents": 47696358173.03,
          "long_term_debt": 16869312894.44,
          "inventory": 2317704385.85,
          "accounts_payable": 10994468549.88,
          "current_assets": 61024932087.36,
          "current_liabilities": 28402450559.35,
          "shares_outstanding": 10216274357.0
        }
      },
      {
        "ticker": "601919.SH",
        "period": "2010-09-30",
        "statement_type": "BS",
        "metrics": {
          "total_assets": 151627108146.37,
          "total_equity": 46909662476.84,
          "total_liabilities": 90450535380.74,
          "cash_and_equivalents": 47166219326.0,
          "long_term_debt": 16945747130.83,
          "inventory": 2099283019.51,
          "accounts_payable": 12345580957.48,
          "current_assets": 62357158266.72,
          "current_liabilities": 28653109798.48,
          "shares_outstanding": 10216274357.0
        }
      },
      {
        "ticker": "601919.SH",
        "period": "2010-06-30",
        "statement_type": "BS",
        "metrics": {
          "total_assets": 146198652070.27,
          "total_equity": 45056243747.18,
          "total_liabilities": 86936502032.5,
          "cash_and_equivalents": 43748864743.4,
          "long_term_debt": 12057797494.06,
          "inventory": 2190637580.86,
          "accounts_payable": 12252843455.38,
          "current_assets": 58441513114.94,
          "current_liabilities": 29121958150.12,
          "shares_outstanding": 10216274357.0
        }
      },
      {
        "ticker": "601919.SH",
        "period": "2010-06-30",
        "statement_type": "BS",
        "metrics": {
          "total_assets": 146198652070.27,
          "total_equity": 45056243747.18,
          "total_liabilities": 86936502032.5,
          "cash_and_equivalents": 43748864743.4,
          "long_term_debt": 12057797494.06,
          "inventory": 2190637580.86,
          "accounts_payable": 12252843455.38,
          "current_assets": 58441513114.94,
          "current_liabilities": 29121958150.12,
          "shares_outstanding": 10216274357.0
        }
      },
      {
        "ticker": "601919.SH",
        "period": "2010-03-31",
        "statement_type": "BS",
        "metrics": {
          "total_assets": 140510696509.98,
          "total_equity": 43191255388.48,
          "total_liabilities": 86516880112.0,
          "cash_and_equivalents": 43417858996.05,
          "long_term_debt": 12033996179.85,
          "inventory": 2194767185.8,
          "accounts_payable": 10682452807.3,
          "current_assets": 56875692187.54,
          "current_liabilities": 28312439145.53,
          "shares_outstanding": 10216274357.0
        }
      },
      {
        "ticker": "601919.SH",
        "period": "2009-12-31",
        "statement_type": "BS",
        "metrics": {
          "total_assets": 138619517243.53,
          "total_equity": 42822055320.6,
          "total_liabilities": 85226868212.5,
          "cash_and_equivalents": 44197916594.21,
          "long_term_debt": 12022077804.44,
          "inventory": 1956266551.63,
          "accounts_payable": 10058244017.11,
          "current_assets": 55197361571.9,
          "current_liabilities": 27067597089.59,
          "shares_outstanding": 10216274357.0
        }
      },
      {
        "ticker": "601919.SH",
        "period": "2009-12-31",
        "statement_type": "BS",
        "metrics": {
          "total_assets": 138619517243.53,
          "total_equity": 42822055320.6,
          "total_liabilities": 85226868212.5,
          "cash_and_equivalents": 44197916594.21,
          "long_term_debt": 12022077804.44,
          "inventory": 1956266551.63,
          "accounts_payable": 10058244017.11,
          "current_assets": 55197361571.9,
          "current_liabilities": 27067597089.59,
          "shares_outstanding": 10216274357.0
        }
      },
      {
        "ticker": "601919.SH",
        "period": "2009-09-30",
        "statement_type": "BS",
        "metrics": {
          "total_assets": 135403118982.7,
          "total_equity": 44790187264.9,
          "total_liabilities": 80244147480.83,
          "cash_and_equivalents": 43417409245.23,
          "long_term_debt": 12027756593.63,
          "inventory": 1798397692.07,
          "accounts_payable": 9422151963.69,
          "current_assets": 56923854424.35,
          "current_liabilities": 27643466316.32,
          "shares_outstanding": 10216274357.0
        }
      },
      {
        "ticker": "601919.SH",
        "period": "2009-06-30",
        "statement_type": "BS",
        "metrics": {
          "total_assets": 131771923978.6,
          "total_equity": 45272127525.03,
          "total_liabilities": 76389950812.12,
          "cash_and_equivalents": 42843925295.48,
          "long_term_debt": 11999726681.65,
          "inventory": 1584975430.59,
          "accounts_payable": 8672620932.51,
          "current_assets": 54798901235.33,
          "current_liabilities": 31203494505.08,
          "shares_outstanding": 10216274357.0
        }
      },
      {
        "ticker": "601919.SH",
        "period": "2009-03-31",
        "statement_type": "BS",
        "metrics": {
          "total_assets": 121047209339.99,
          "total_equity": 50181838094.6,
          "total_liabilities": 61652372363.73,
          "cash_and_equivalents": 34435414643.69,
          "long_term_debt": 2188245546.65,
          "inventory": 1544734497.0,
          "accounts_payable": 8522654099.69,
          "current_assets": 45722725027.14,
          "current_liabilities": 27493818239.4,
          "shares_outstanding": 10216274357.0
        }
      },
      {
        "ticker": "601919.SH",
        "period": "2008-12-31",
        "statement_type": "BS",
        "metrics": {
          "total_assets": 116762840413.26,
          "total_equity": 52091702087.08,
          "total_liabilities": 55638186190.11,
          "cash_and_equivalents": 32181874287.47,
          "long_term_debt": 2196580609.02,
          "inventory": 1653287315.58,
          "accounts_payable": 8104039445.07,
          "current_assets": 44011687755.07,
          "current_liabilities": 23930173687.24,
          "shares_outstanding": 10216274357.0
        }
      },
      {
        "ticker": "601919.SH",
        "period": "2008-12-31",
        "statement_type": "BS",
        "metrics": {
          "total_assets": 116762840413.26,
          "total_equity": 52091702087.08,
          "total_liabilities": 55638186190.11,
          "cash_and_equivalents": 32181874287.47,
          "long_term_debt": 2196580609.02,
          "inventory": 1653287315.58,
          "accounts_payable": 8104039445.07,
          "current_assets": 44011687755.07,
          "current_liabilities": 23930173687.24,
          "shares_outstanding": 10216274357.0
        }
      },
      {
        "ticker": "601919.SH",
        "period": "2008-09-30",
        "statement_type": "BS",
        "metrics": {
          "total_assets": 124168223275.55,
          "total_equity": 59779705268.96,
          "total_liabilities": 55290199852.85,
          "cash_and_equivalents": 36108600004.77,
          "long_term_debt": 2060572452.49,
          "inventory": 2358961612.04,
          "accounts_payable": 11342482434.01,
          "current_assets": 55293502029.55,
          "current_liabilities": 29246481351.59,
          "shares_outstanding": 10216274357.0
        }
      },
      {
        "ticker": "601919.SH",
        "period": "2008-09-30",
        "statement_type": "BS",
        "metrics": {
          "total_assets": 124168223275.55,
          "total_equity": 59779705268.96,
          "total_liabilities": 55290199852.85,
          "cash_and_equivalents": 36108600004.77,
          "long_term_debt": 2060572452.49,
          "inventory": 2358961612.04,
          "accounts_payable": 11342482434.01,
          "current_assets": 55293502029.55,
          "current_liabilities": 29246481351.59,
          "shares_outstanding": 10216274357.0
        }
      },
      {
        "ticker": "601919.SH",
        "period": "2008-06-30",
        "statement_type": "BS",
        "metrics": {
          "total_assets": 121351734579.74,
          "total_equity": 56783308403.38,
          "total_liabilities": 55338849679.34,
          "cash_and_equivalents": 32510373604.38,
          "long_term_debt": 2060260535.72,
          "inventory": 1991463553.75,
          "accounts_payable": 11816696241.42,
          "current_assets": 52620087528.99,
          "current_liabilities": 30707038358.46,
          "shares_outstanding": 10216274357.0,
          "price": 15.03,
          "market_cap": 153550603585.71
        }
      }
    ],
    "cash_flows": [
      {
        "ticker": "601919.SH",
        "period": "2025-09-30",
        "statement_type": "CF",
        "metrics": {
          "operating_cash_flow": 39981831734.27,
          "capital_expenditures": 3163714289.1,
          "free_cash_flow": 36818117445.17
        }
      },
      {
        "ticker": "601919.SH",
        "period": "2025-09-30",
        "statement_type": "CF",
        "metrics": {
          "operating_cash_flow": 39981831734.27,
          "capital_expenditures": 3163714289.1,
          "free_cash_flow": 36818117445.17
        }
      },
      {
        "ticker": "601919.SH",
        "period": "2025-06-30",
        "statement_type": "CF",
        "metrics": {
          "operating_cash_flow": 25776976629.99,
          "capital_expenditures": 2234406893.4,
          "free_cash_flow": 23542569736.59
        }
      },
      {
        "ticker": "601919.SH",
        "period": "2025-06-30",
        "statement_type": "CF",
        "metrics": {
          "operating_cash_flow": 25776976629.99,
          "capital_expenditures": 2234406893.4,
          "free_cash_flow": 23542569736.59
        }
      },
      {
        "ticker": "601919.SH",
        "period": "2025-03-31",
        "statement_type": "CF",
        "metrics": {
          "operating_cash_flow": 15062211717.65,
          "capital_expenditures": 2236305882.32,
          "free_cash_flow": 12825905835.33
        }
      },
      {
        "ticker": "601919.SH",
        "period": "2025-03-31",
        "statement_type": "CF",
        "metrics": {
          "operating_cash_flow": 15062211717.65,
          "capital_expenditures": 2236305882.32,
          "free_cash_flow": 12825905835.33
        }
      },
      {
        "ticker": "601919.SH",
        "period": "2024-12-31",
        "statement_type": "CF",
        "metrics": {
          "operating_cash_flow": 69312919440.49,
          "capital_expenditures": 4709948988.55,
          "free_cash_flow": 64602970451.94
        }
      },
      {
        "ticker": "601919.SH",
        "period": "2024-12-31",
        "statement_type": "CF",
        "metrics": {
          "operating_cash_flow": 69312919440.49,
          "capital_expenditures": 4709948988.55,
          "free_cash_flow": 64602970451.94
        }
      },
      {
        "ticker": "601919.SH",
        "period": "2024-09-30",
        "statement_type": "CF",
        "metrics": {
          "operating_cash_flow": 51693571341.54,
          "capital_expenditures": 2551904992.77,
          "free_cash_flow": 49141666348.770004
        }
      },
      {
        "ticker": "601919.SH",
        "period": "2024-06-30",
        "statement_type": "CF",
        "metrics": {
          "operating_cash_flow": 22638495726.31,
          "capital_expenditures": 536196835.8,
          "free_cash_flow": 22102298890.510002
        }
      },
      {
        "ticker": "601919.SH",
        "period": "2024-03-31",
        "statement_type": "CF",
        "metrics": {
          "operating_cash_flow": 8864882203.76,
          "capital_expenditures": 6800000.0,
          "free_cash_flow": 8858082203.76
        }
      },
      {
        "ticker": "601919.SH",
        "period": "2024-03-31",
        "statement_type": "CF",
        "metrics": {
          "operating_cash_flow": 8864882203.76,
          "capital_expenditures": 6800000.0,
          "free_cash_flow": 8858082203.76
        }
      },
      {
        "ticker": "601919.SH",
        "period": "2023-12-31",
        "statement_type": "CF",
        "metrics": {
          "operating_cash_flow": 22612054840.8,
          "capital_expenditures": 5708643552.62,
          "free_cash_flow": 16903411288.18
        }
      },
      {
        "ticker": "601919.SH",
        "period": "2023-12-31",
        "statement_type": "CF",
        "metrics": {
          "operating_cash_flow": 22612054840.8,
          "capital_expenditures": 5708643552.62,
          "free_cash_flow": 16903411288.18
        }
      },
      {
        "ticker": "601919.SH",
        "period": "2023-09-30",
        "statement_type": "CF",
        "metrics": {
          "operating_cash_flow": 20523635705.76,
          "capital_expenditures": 5680477433.42,
          "free_cash_flow": 14843158272.339998
        }
      },
      {
        "ticker": "601919.SH",
        "period": "2023-09-30",
        "statement_type": "CF",
        "metrics": {
          "operating_cash_flow": 20523635705.76,
          "capital_expenditures": 5680477433.42,
          "free_cash_flow": 14843158272.339998
        }
      },
      {
        "ticker": "601919.SH",
        "period": "2023-06-30",
        "statement_type": "CF",
        "metrics": {
          "operating_cash_flow": 13261606271.27,
          "capital_expenditures": 5677313795.22,
          "free_cash_flow": 7584292476.05
        }
      },
      {
        "ticker": "601919.SH",
        "period": "2023-03-31",
        "statement_type": "CF",
        "metrics": {
          "operating_cash_flow": 6152974969.57,
          "capital_expenditures": 5324482031.02,
          "free_cash_flow": 828492938.5499992
        }
      },
      {
        "ticker": "601919.SH",
        "period": "2023-03-31",
        "statement_type": "CF",
        "metrics": {
          "operating_cash_flow": 6152974969.57,
          "capital_expenditures": 5324482031.02,
          "free_cash_flow": 828492938.5499992
        }
      },
      {
        "ticker": "601919.SH",
        "period": "2022-12-31",
        "statement_type": "CF",
        "metrics": {
          "operating_cash_flow": 196798805100.41,
          "capital_expenditures": 26303919246.87,
          "free_cash_flow": 170494885853.54
        }
      },
      {
        "ticker": "601919.SH",
        "period": "2022-12-31",
        "statement_type": "CF",
        "metrics": {
          "operating_cash_flow": 196798805100.41,
          "capital_expenditures": 26303919246.87,
          "free_cash_flow": 170494885853.54
        }
      },
      {
        "ticker": "601919.SH",
        "period": "2022-09-30",
        "statement_type": "CF",
        "metrics": {
          "operating_cash_flow": 166435190956.33,
          "capital_expenditures": 1835417939.54,
          "free_cash_flow": 164599773016.78998
        }
      },
      {
        "ticker": "601919.SH",
        "period": "2022-06-30",
        "statement_type": "CF",
        "metrics": {
          "operating_cash_flow": 112538743170.83,
          "capital_expenditures": 39061600.0,
          "free_cash_flow": 112499681570.83
        }
      },
      {
        "ticker": "601919.SH",
        "period": "2022-03-31",
        "statement_type": "CF",
        "metrics": {
          "operating_cash_flow": 62528804529.98,
          "capital_expenditures": 19600000.0,
          "free_cash_flow": 62509204529.98
        }
      },
      {
        "ticker": "601919.SH",
        "period": "2021-12-31",
        "statement_type": "CF",
        "metrics": {
          "operating_cash_flow": 170948374301.81,
          "capital_expenditures": 1443090502.72,
          "free_cash_flow": 169505283799.09
        }
      },
      {
        "ticker": "601919.SH",
        "period": "2021-12-31",
        "statement_type": "CF",
        "metrics": {
          "operating_cash_flow": 170948374301.81,
          "capital_expenditures": 1443090502.72,
          "free_cash_flow": 169505283799.09
        }
      },
      {
        "ticker": "601919.SH",
        "period": "2021-09-30",
        "statement_type": "CF",
        "metrics": {
          "operating_cash_flow": 113931452535.23,
          "capital_expenditures": 1386981429.01,
          "free_cash_flow": 112544471106.22
        }
      },
      {
        "ticker": "601919.SH",
        "period": "2021-06-30",
        "statement_type": "CF",
        "metrics": {
          "operating_cash_flow": 63887646487.51,
          "capital_expenditures": 396595659.4,
          "free_cash_flow": 63491050828.11
        }
      },
      {
        "ticker": "601919.SH",
        "period": "2021-03-31",
        "statement_type": "CF",
        "metrics": {
          "operating_cash_flow": 26978167591.1,
          "capital_expenditures": 70004238.4,
          "free_cash_flow": 26908163352.699997
        }
      },
      {
        "ticker": "601919.SH",
        "period": "2020-12-31",
        "statement_type": "CF",
        "metrics": {
          "operating_cash_flow": 45030555340.04,
          "capital_expenditures": 1245026505.58,
          "free_cash_flow": 43785528834.46
        }
      },
      {
        "ticker": "601919.SH",
        "period": "2020-12-31",
        "statement_type": "CF",
        "metrics": {
          "operating_cash_flow": 45030555340.04,
          "capital_expenditures": 1245026505.58,
          "free_cash_flow": 43785528834.46
        }
      },
      {
        "ticker": "601919.SH",
        "period": "2020-09-30",
        "statement_type": "CF",
        "metrics": {
          "operating_cash_flow": 22733572604.0,
          "capital_expenditures": 759362272.29,
          "free_cash_flow": 21974210331.71
        }
      },
      {
        "ticker": "601919.SH",
        "period": "2020-06-30",
        "statement_type": "CF",
        "metrics": {
          "operating_cash_flow": 11437691104.97,
          "capital_expenditures": 761898779.24,
          "free_cash_flow": 10675792325.73
        }
      },
      {
        "ticker": "601919.SH",
        "period": "2020-06-30",
        "statement_type": "CF",
        "metrics": {
          "operating_cash_flow": 11437691104.97,
          "capital_expenditures": 761898779.24,
          "free_cash_flow": 10675792325.73
        }
      },
      {
        "ticker": "601919.SH",
        "period": "2020-03-31",
        "statement_type": "CF",
        "metrics": {
          "operating_cash_flow": 1534076758.73,
          "capital_expenditures": 396536208.2,
          "free_cash_flow": 1137540550.53
        }
      },
      {
        "ticker": "601919.SH",
        "period": "2019-12-31",
        "statement_type": "CF",
        "metrics": {
          "operating_cash_flow": 21202371528.39,
          "capital_expenditures": 1616386814.34,
          "free_cash_flow": 19585984714.05
        }
      },
      {
        "ticker": "601919.SH",
        "period": "2019-12-31",
        "statement_type": "CF",
        "metrics": {
          "operating_cash_flow": 21202371528.39,
          "capital_expenditures": 1616386814.34,
          "free_cash_flow": 19585984714.05
        }
      },
      {
        "ticker": "601919.SH",
        "period": "2019-09-30",
        "statement_type": "CF",
        "metrics": {
          "operating_cash_flow": 15002048739.9,
          "capital_expenditures": 576529975.96,
          "free_cash_flow": 14425518763.939999
        }
      },
      {
        "ticker": "601919.SH",
        "period": "2019-09-30",
        "statement_type": "CF",
        "metrics": {
          "operating_cash_flow": 15002048739.9,
          "capital_expenditures": 576529975.96,
          "free_cash_flow": 14425518763.939999
        }
      },
      {
        "ticker": "601919.SH",
        "period": "2019-06-30",
        "statement_type": "CF",
        "metrics": {
          "operating_cash_flow": 9466838760.54,
          "capital_expenditures": 237318485.82,
          "free_cash_flow": 9229520274.720001
        }
      },
      {
        "ticker": "601919.SH",
        "period": "2019-06-30",
        "statement_type": "CF",
        "metrics": {
          "operating_cash_flow": 9466838760.54,
          "capital_expenditures": 237318485.82,
          "free_cash_flow": 9229520274.720001
        }
      },
      {
        "ticker": "601919.SH",
        "period": "2019-03-31",
        "statement_type": "CF",
        "metrics": {
          "operating_cash_flow": 4092407568.15,
          "capital_expenditures": 4132595.34,
          "free_cash_flow": 4088274972.81
        }
      },
      {
        "ticker": "601919.SH",
        "period": "2018-12-31",
        "statement_type": "CF",
        "metrics": {
          "operating_cash_flow": 8130775621.62,
          "capital_expenditures": 1241782311.43,
          "free_cash_flow": 6888993310.19
        }
      },
      {
        "ticker": "601919.SH",
        "period": "2018-12-31",
        "statement_type": "CF",
        "metrics": {
          "operating_cash_flow": 8130775621.62,
          "capital_expenditures": 1241782311.43,
          "free_cash_flow": 6888993310.19
        }
      },
      {
        "ticker": "601919.SH",
        "period": "2018-09-30",
        "statement_type": "CF",
        "metrics": {
          "operating_cash_flow": 4474089680.33,
          "capital_expenditures": 368657374.34,
          "free_cash_flow": 4105432305.99
        }
      },
      {
        "ticker": "601919.SH",
        "period": "2018-06-30",
        "statement_type": "CF",
        "metrics": {
          "operating_cash_flow": 466261050.07,
          "capital_expenditures": 152171925.04,
          "free_cash_flow": 314089125.03
        }
      },
      {
        "ticker": "601919.SH",
        "period": "2018-06-30",
        "statement_type": "CF",
        "metrics": {
          "operating_cash_flow": 466261050.07,
          "capital_expenditures": 152171925.04,
          "free_cash_flow": 314089125.03
        }
      },
      {
        "ticker": "601919.SH",
        "period": "2018-03-31",
        "statement_type": "CF",
        "metrics": {
          "operating_cash_flow": -529194191.27,
          "capital_expenditures": 151668171.0,
          "free_cash_flow": -680862362.27
        }
      },
      {
        "ticker": "601919.SH",
        "period": "2017-12-31",
        "statement_type": "CF",
        "metrics": {
          "operating_cash_flow": 7092039383.86,
          "capital_expenditures": 3361699540.15,
          "free_cash_flow": 3730339843.7099996
        }
      },
      {
        "ticker": "601919.SH",
        "period": "2017-09-30",
        "statement_type": "CF",
        "metrics": {
          "operating_cash_flow": 5204730439.44,
          "capital_expenditures": 3156538695.42,
          "free_cash_flow": 2048191744.0199995
        }
      },
      {
        "ticker": "601919.SH",
        "period": "2017-06-30",
        "statement_type": "CF",
        "metrics": {
          "operating_cash_flow": 1781780356.31,
          "capital_expenditures": 3087325628.46,
          "free_cash_flow": -1305545272.15
        }
      },
      {
        "ticker": "601919.SH",
        "period": "2017-03-31",
        "statement_type": "CF",
        "metrics": {
          "operating_cash_flow": -643866567.07,
          "capital_expenditures": 232738603.84,
          "free_cash_flow": -876605170.9100001
        }
      },
      {
        "ticker": "601919.SH",
        "period": "2016-12-31",
        "statement_type": "CF",
        "metrics": {
          "operating_cash_flow": 1519532177.96,
          "capital_expenditures": 1675532622.53,
          "free_cash_flow": -156000444.56999993
        }
      },
      {
        "ticker": "601919.SH",
        "period": "2016-09-30",
        "statement_type": "CF",
        "metrics": {
          "operating_cash_flow": -582253021.12,
          "capital_expenditures": 975495695.78,
          "free_cash_flow": -1557748716.9
        }
      },
      {
        "ticker": "601919.SH",
        "period": "2016-06-30",
        "statement_type": "CF",
        "metrics": {
          "operating_cash_flow": 43988438.11,
          "capital_expenditures": 656607130.8,
          "free_cash_flow": -612618692.6899999
        }
      },
      {
        "ticker": "601919.SH",
        "period": "2016-03-31",
        "statement_type": "CF",
        "metrics": {
          "operating_cash_flow": -577564062.22,
          "capital_expenditures": 317401000.0,
          "free_cash_flow": -894965062.22
        }
      },
      {
        "ticker": "601919.SH",
        "period": "2015-12-31",
        "statement_type": "CF",
        "metrics": {
          "operating_cash_flow": 6663680638.95,
          "capital_expenditures": 3325506079.11,
          "free_cash_flow": 3338174559.8399997
        }
      },
      {
        "ticker": "601919.SH",
        "period": "2015-09-30",
        "statement_type": "CF",
        "metrics": {
          "operating_cash_flow": 5661868645.31,
          "capital_expenditures": 487212836.56,
          "free_cash_flow": 5174655808.75
        }
      },
      {
        "ticker": "601919.SH",
        "period": "2015-06-30",
        "statement_type": "CF",
        "metrics": {
          "operating_cash_flow": 5838666436.96,
          "capital_expenditures": 200000000.0,
          "free_cash_flow": 5638666436.96
        }
      },
      {
        "ticker": "601919.SH",
        "period": "2015-03-31",
        "statement_type": "CF",
        "metrics": {
          "operating_cash_flow": 1108793110.56,
          "capital_expenditures": 200000000.0,
          "free_cash_flow": 908793110.56
        }
      },
      {
        "ticker": "601919.SH",
        "period": "2014-12-31",
        "statement_type": "CF",
        "metrics": {
          "operating_cash_flow": 5901317459.94,
          "capital_expenditures": 7826030443.1,
          "free_cash_flow": -1924712983.1600008
        }
      },
      {
        "ticker": "601919.SH",
        "period": "2014-09-30",
        "statement_type": "CF",
        "metrics": {
          "operating_cash_flow": 4393554688.28,
          "capital_expenditures": 7420149549.06,
          "free_cash_flow": -3026594860.7800007
        }
      },
      {
        "ticker": "601919.SH",
        "period": "2014-06-30",
        "statement_type": "CF",
        "metrics": {
          "operating_cash_flow": 1398926041.35,
          "capital_expenditures": 7417232943.5,
          "free_cash_flow": -6018306902.15
        }
      },
      {
        "ticker": "601919.SH",
        "period": "2014-03-31",
        "statement_type": "CF",
        "metrics": {
          "operating_cash_flow": -128336974.12,
          "capital_expenditures": 1712800972.6,
          "free_cash_flow": -1841137946.7199998
        }
      },
      {
        "ticker": "601919.SH",
        "period": "2013-12-31",
        "statement_type": "CF",
        "metrics": {
          "operating_cash_flow": -2338126275.39,
          "capital_expenditures": 11757060783.9,
          "free_cash_flow": -14095187059.289999
        }
      },
      {
        "ticker": "601919.SH",
        "period": "2013-09-30",
        "statement_type": "CF",
        "metrics": {
          "operating_cash_flow": -3221897071.41,
          "capital_expenditures": 8593418179.47,
          "free_cash_flow": -11815315250.88
        }
      },
      {
        "ticker": "601919.SH",
        "period": "2013-06-30",
        "statement_type": "CF",
        "metrics": {
          "operating_cash_flow": -3401541312.76,
          "capital_expenditures": 71353533.1,
          "free_cash_flow": -3472894845.86
        }
      },
      {
        "ticker": "601919.SH",
        "period": "2013-03-31",
        "statement_type": "CF",
        "metrics": {
          "operating_cash_flow": -2972178801.59,
          "capital_expenditures": 208253027.08,
          "free_cash_flow": -3180431828.67
        }
      },
      {
        "ticker": "601919.SH",
        "period": "2012-12-31",
        "statement_type": "CF",
        "metrics": {
          "operating_cash_flow": -5299280702.84,
          "capital_expenditures": 522154397.22,
          "free_cash_flow": -5821435100.06
        }
      },
      {
        "ticker": "601919.SH",
        "period": "2012-09-30",
        "statement_type": "CF",
        "metrics": {
          "operating_cash_flow": -5352681986.9,
          "capital_expenditures": 183840600.84,
          "free_cash_flow": -5536522587.74
        }
      },
      {
        "ticker": "601919.SH",
        "period": "2012-06-30",
        "statement_type": "CF",
        "metrics": {
          "operating_cash_flow": -3166519356.73,
          "capital_expenditures": 169566561.62,
          "free_cash_flow": -3336085918.35
        }
      },
      {
        "ticker": "601919.SH",
        "period": "2012-03-31",
        "statement_type": "CF",
        "metrics": {
          "operating_cash_flow": -2917450746.65,
          "capital_expenditures": 100146559.02,
          "free_cash_flow": -3017597305.67
        }
      },
      {
        "ticker": "601919.SH",
        "period": "2011-12-31",
        "statement_type": "CF",
        "metrics": {
          "operating_cash_flow": -5011055987.72,
          "capital_expenditures": 259576564.64,
          "free_cash_flow": -5270632552.360001
        }
      },
      {
        "ticker": "601919.SH",
        "period": "2011-09-30",
        "statement_type": "CF",
        "metrics": {
          "operating_cash_flow": -1746560145.35,
          "capital_expenditures": 49839455.63,
          "free_cash_flow": -1796399600.98
        }
      },
      {
        "ticker": "601919.SH",
        "period": "2011-06-30",
        "statement_type": "CF",
        "metrics": {
          "operating_cash_flow": -846608324.92,
          "capital_expenditures": 49009624.84,
          "free_cash_flow": -895617949.76
        }
      },
      {
        "ticker": "601919.SH",
        "period": "2011-03-31",
        "statement_type": "CF",
        "metrics": {
          "operating_cash_flow": -523672577.19,
          "capital_expenditures": 134303464.67,
          "free_cash_flow": -657976041.86
        }
      },
      {
        "ticker": "601919.SH",
        "period": "2010-12-31",
        "statement_type": "CF",
        "metrics": {
          "operating_cash_flow": 11151829704.03,
          "capital_expenditures": 3885102852.7,
          "free_cash_flow": 7266726851.330001
        }
      },
      {
        "ticker": "601919.SH",
        "period": "2010-09-30",
        "statement_type": "CF",
        "metrics": {
          "operating_cash_flow": 9342738959.46,
          "capital_expenditures": 4574872616.06,
          "free_cash_flow": 4767866343.399999
        }
      },
      {
        "ticker": "601919.SH",
        "period": "2010-06-30",
        "statement_type": "CF",
        "metrics": {
          "operating_cash_flow": 4731366030.58,
          "capital_expenditures": 4348052570.5,
          "free_cash_flow": 383313460.0799999
        }
      },
      {
        "ticker": "601919.SH",
        "period": "2010-03-31",
        "statement_type": "CF",
        "metrics": {
          "operating_cash_flow": 1699423949.13,
          "capital_expenditures": 183538087.09,
          "free_cash_flow": 1515885862.0400002
        }
      },
      {
        "ticker": "601919.SH",
        "period": "2009-12-31",
        "statement_type": "CF",
        "metrics": {
          "operating_cash_flow": -5879008100.39,
          "capital_expenditures": 360435222.73,
          "free_cash_flow": -6239443323.120001
        }
      },
      {
        "ticker": "601919.SH",
        "period": "2009-09-30",
        "statement_type": "CF",
        "metrics": {
          "operating_cash_flow": -6339281613.58,
          "capital_expenditures": 371460946.93,
          "free_cash_flow": -6710742560.51
        }
      },
      {
        "ticker": "601919.SH",
        "period": "2009-06-30",
        "statement_type": "CF",
        "metrics": {
          "operating_cash_flow": -6058356960.08,
          "capital_expenditures": 304469054.03,
          "free_cash_flow": -6362826014.11
        }
      },
      {
        "ticker": "601919.SH",
        "period": "2009-03-31",
        "statement_type": "CF",
        "metrics": {
          "operating_cash_flow": -3877651193.91,
          "capital_expenditures": 1293967198.51,
          "free_cash_flow": -5171618392.42
        }
      },
      {
        "ticker": "601919.SH",
        "period": "2008-12-31",
        "statement_type": "CF",
        "metrics": {
          "operating_cash_flow": 23378236347.08,
          "capital_expenditures": 11072928117.69,
          "free_cash_flow": 12305308229.390001
        }
      },
      {
        "ticker": "601919.SH",
        "period": "2008-09-30",
        "statement_type": "CF",
        "metrics": {
          "operating_cash_flow": 23522192776.9,
          "capital_expenditures": 9454329217.76,
          "free_cash_flow": 14067863559.140001
        }
      },
      {
        "ticker": "601919.SH",
        "period": "2008-06-30",
        "statement_type": "CF",
        "metrics": {
          "operating_cash_flow": 16686245217.36,
          "capital_expenditures": 8156144219.37,
          "free_cash_flow": 8530100997.990001
        }
      },
      {
        "ticker": "601919.SH",
        "period": "2008-03-31",
        "statement_type": "CF",
        "metrics": {
          "operating_cash_flow": 8139349882.45,
          "capital_expenditures": 2085129935.28,
          "free_cash_flow": 6054219947.17
        }
      },
      {
        "ticker": "601919.SH",
        "period": "2007-12-31",
        "statement_type": "CF",
        "metrics": {
          "operating_cash_flow": 22682682573.92,
          "capital_expenditures": 4003867721.58,
          "free_cash_flow": 18678814852.339996
        }
      },
      {
        "ticker": "601919.SH",
        "period": "2007-09-30",
        "statement_type": "CF",
        "metrics": {
          "operating_cash_flow": 3160679114.44,
          "capital_expenditures": 575543377.94,
          "free_cash_flow": 2585135736.5
        }
      },
      {
        "ticker": "601919.SH",
        "period": "2007-06-30",
        "statement_type": "CF",
        "metrics": {
          "operating_cash_flow": 1180325419.25,
          "capital_expenditures": 465799821.98,
          "free_cash_flow": 714525597.27
        }
      },
      {
        "ticker": "601919.SH",
        "period": "2006-12-31",
        "statement_type": "CF",
        "metrics": {
          "operating_cash_flow": 1976191985.76,
          "capital_expenditures": 1766364906.71,
          "free_cash_flow": 209827079.04999995
        }
      },
      {
        "ticker": "601919.SH",
        "period": "2005-12-31",
        "statement_type": "CF",
        "metrics": {
          "operating_cash_flow": 5722807410.0,
          "capital_expenditures": 3811317649.75,
          "free_cash_flow": 1911489760.25
        }
      },
      {
        "ticker": "601919.SH",
        "period": "2004-12-31",
        "statement_type": "CF",
        "metrics": {
          "operating_cash_flow": 6806488131.29,
          "capital_expenditures": 137772024.16,
          "free_cash_flow": 6668716107.13
        }
      },
      {
        "ticker": "601919.SH",
        "period": "2003-12-31",
        "statement_type": "CF",
        "metrics": {
          "operating_cash_flow": 3233928800.0
        }
      }
    ]
  },
  "price_history": [
    {
      "ts_code": "601919.SH",
      "trade_date": "20251204",
      "open": 14.99,
      "high": 15.1,
      "low": 14.96,
      "close": 15.03,
      "pre_close": 14.97,
      "change": 0.06,
      "pct_chg": 0.4008,
      "vol": 282633.54,
      "amount": 424716.902
    },
    {
      "ts_code": "601919.SH",
      "trade_date": "20251203",
      "open": 14.94,
      "high": 15.08,
      "low": 14.92,
      "close": 14.97,
      "pre_close": 14.96,
      "change": 0.01,
      "pct_chg": 0.0668,
      "vol": 332681.83,
      "amount": 499010.415
    },
    {
      "ts_code": "601919.SH",
      "trade_date": "20251202",
      "open": 15.11,
      "high": 15.11,
      "low": 14.93,
      "close": 14.96,
      "pre_close": 15.12,
      "change": -0.16,
      "pct_chg": -1.0582,
      "vol": 410851.52,
      "amount": 616468.895
    },
    {
      "ts_code": "601919.SH",
      "trade_date": "20251201",
      "open": 14.6,
      "high": 15.12,
      "low": 14.6,
      "close": 15.12,
      "pre_close": 14.61,
      "change": 0.51,
      "pct_chg": 3.4908,
      "vol": 909962.88,
      "amount": 1358305.942
    },
    {
      "ts_code": "601919.SH",
      "trade_date": "20251128",
      "open": 14.66,
      "high": 14.68,
      "low": 14.58,
      "close": 14.61,
      "pre_close": 14.67,
      "change": -0.06,
      "pct_chg": -0.409,
      "vol": 414319.54,
      "amount": 605348.979
    },
    {
      "ts_code": "601919.SH",
      "trade_date": "20251127",
      "open": 14.71,
      "high": 14.72,
      "low": 14.63,
      "close": 14.67,
      "pre_close": 14.7,
      "change": -0.03,
      "pct_chg": -0.2041,
      "vol": 403619.59,
      "amount": 592028.916
    },
    {
      "ts_code": "601919.SH",
      "trade_date": "20251126",
      "open": 14.77,
      "high": 14.83,
      "low": 14.7,
      "close": 14.7,
      "pre_close": 14.77,
      "change": -0.07,
      "pct_chg": -0.4739,
      "vol": 437109.13,
      "amount": 644182.481
    },
    {
      "ts_code": "601919.SH",
      "trade_date": "20251125",
      "open": 14.87,
      "high": 14.88,
      "low": 14.68,
      "close": 14.77,
      "pre_close": 14.83,
      "change": -0.06,
      "pct_chg": -0.4046,
      "vol": 576243.93,
      "amount": 850644.027
    },
    {
      "ts_code": "601919.SH",
      "trade_date": "20251124",
      "open": 14.97,
      "high": 15.0,
      "low": 14.83,
      "close": 14.83,
      "pre_close": 14.97,
      "change": -0.14,
      "pct_chg": -0.9352,
      "vol": 718891.19,
      "amount": 1072024.143
    },
    {
      "ts_code": "601919.SH",
      "trade_date": "20251121",
      "open": 15.02,
      "high": 15.13,
      "low": 14.92,
      "close": 14.97,
      "pre_close": 15.08,
      "change": -0.11,
      "pct_chg": -0.7294,
      "vol": 842274.99,
      "amount": 1263946.219
    },
    {
      "ts_code": "601919.SH",
      "trade_date": "20251120",
      "open": 15.27,
      "high": 15.29,
      "low": 15.05,
      "close": 15.08,
      "pre_close": 15.25,
      "change": -0.17,
      "pct_chg": -1.1148,
      "vol": 477253.55,
      "amount": 724520.998
    },
    {
      "ts_code": "601919.SH",
      "trade_date": "20251119",
      "open": 15.06,
      "high": 15.28,
      "low": 15.04,
      "close": 15.25,
      "pre_close": 14.97,
      "change": 0.28,
      "pct_chg": 1.8704,
      "vol": 655990.17,
      "amount": 996684.199
    },
    {
      "ts_code": "601919.SH",
      "trade_date": "20251118",
      "open": 15.04,
      "high": 15.08,
      "low": 14.95,
      "close": 14.97,
      "pre_close": 15.08,
      "change": -0.11,
      "pct_chg": -0.7294,
      "vol": 800343.71,
      "amount": 1199377.489
    },
    {
      "ts_code": "601919.SH",
      "trade_date": "20251117",
      "open": 15.31,
      "high": 15.35,
      "low": 15.01,
      "close": 15.08,
      "pre_close": 15.33,
      "change": -0.25,
      "pct_chg": -1.6308,
      "vol": 737484.75,
      "amount": 1113959.579
    },
    {
      "ts_code": "601919.SH",
      "trade_date": "20251114",
      "open": 15.49,
      "high": 15.56,
      "low": 15.31,
      "close": 15.33,
      "pre_close": 15.54,
      "change": -0.21,
      "pct_chg": -1.3514,
      "vol": 551889.93,
      "amount": 851650.579
    },
    {
      "ts_code": "601919.SH",
      "trade_date": "20251113",
      "open": 15.48,
      "high": 15.55,
      "low": 15.38,
      "close": 15.54,
      "pre_close": 15.46,
      "change": 0.08,
      "pct_chg": 0.5175,
      "vol": 659368.63,
      "amount": 1020330.054
    },
    {
      "ts_code": "601919.SH",
      "trade_date": "20251112",
      "open": 15.4,
      "high": 15.55,
      "low": 15.39,
      "close": 15.46,
      "pre_close": 15.39,
      "change": 0.07,
      "pct_chg": 0.4548,
      "vol": 631952.38,
      "amount": 978377.697
    },
    {
      "ts_code": "601919.SH",
      "trade_date": "20251111",
      "open": 15.43,
      "high": 15.48,
      "low": 15.25,
      "close": 15.39,
      "pre_close": 15.41,
      "change": -0.02,
      "pct_chg": -0.1298,
      "vol": 599981.13,
      "amount": 922858.215
    },
    {
      "ts_code": "601919.SH",
      "trade_date": "20251110",
      "open": 15.46,
      "high": 15.52,
      "low": 15.35,
      "close": 15.41,
      "pre_close": 15.44,
      "change": -0.03,
      "pct_chg": -0.1943,
      "vol": 773567.93,
      "amount": 1194328.164
    },
    {
      "ts_code": "601919.SH",
      "trade_date": "20251107",
      "open": 15.17,
      "high": 15.5,
      "low": 15.12,
      "close": 15.44,
      "pre_close": 15.15,
      "change": 0.29,
      "pct_chg": 1.9142,
      "vol": 1165389.8,
      "amount": 1793000.925
    },
    {
      "ts_code": "601919.SH",
      "trade_date": "20251106",
      "open": 15.05,
      "high": 15.23,
      "low": 14.98,
      "close": 15.15,
      "pre_close": 15.02,
      "change": 0.13,
      "pct_chg": 0.8655,
      "vol": 660740.78,
      "amount": 1000455.738
    },
    {
      "ts_code": "601919.SH",
      "trade_date": "20251105",
      "open": 14.95,
      "high": 15.09,
      "low": 14.86,
      "close": 15.02,
      "pre_close": 15.03,
      "change": -0.01,
      "pct_chg": -0.0665,
      "vol": 617467.35,
      "amount": 926214.988
    },
    {
      "ts_code": "601919.SH",
      "trade_date": "20251104",
      "open": 15.2,
      "high": 15.26,
      "low": 14.98,
      "close": 15.03,
      "pre_close": 15.19,
      "change": -0.16,
      "pct_chg": -1.0533,
      "vol": 733423.65,
      "amount": 1109677.631
    },
    {
      "ts_code": "601919.SH",
      "trade_date": "20251103",
      "open": 15.03,
      "high": 15.25,
      "low": 15.03,
      "close": 15.19,
      "pre_close": 15.01,
      "change": 0.18,
      "pct_chg": 1.1992,
      "vol": 929406.07,
      "amount": 1409913.092
    },
    {
      "ts_code": "601919.SH",
      "trade_date": "20251031",
      "open": 15.03,
      "high": 15.33,
      "low": 15.01,
      "close": 15.01,
      "pre_close": 14.88,
      "change": 0.13,
      "pct_chg": 0.8737,
      "vol": 1243347.43,
      "amount": 1879724.664
    },
    {
      "ts_code": "601919.SH",
      "trade_date": "20251030",
      "open": 14.87,
      "high": 15.02,
      "low": 14.82,
      "close": 14.88,
      "pre_close": 14.84,
      "change": 0.04,
      "pct_chg": 0.2695,
      "vol": 877141.04,
      "amount": 1310191.633
    },
    {
      "ts_code": "601919.SH",
      "trade_date": "20251029",
      "open": 14.8,
      "high": 14.9,
      "low": 14.65,
      "close": 14.84,
      "pre_close": 14.76,
      "change": 0.08,
      "pct_chg": 0.542,
      "vol": 598695.91,
      "amount": 886316.462
    },
    {
      "ts_code": "601919.SH",
      "trade_date": "20251028",
      "open": 14.89,
      "high": 14.91,
      "low": 14.76,
      "close": 14.76,
      "pre_close": 14.87,
      "change": -0.11,
      "pct_chg": -0.7397,
      "vol": 680897.01,
      "amount": 1008722.785
    },
    {
      "ts_code": "601919.SH",
      "trade_date": "20251027",
      "open": 14.65,
      "high": 14.91,
      "low": 14.6,
      "close": 14.87,
      "pre_close": 14.51,
      "change": 0.36,
      "pct_chg": 2.481,
      "vol": 1166316.35,
      "amount": 1728043.849
    },
    {
      "ts_code": "601919.SH",
      "trade_date": "20251024",
      "open": 14.6,
      "high": 14.67,
      "low": 14.5,
      "close": 14.51,
      "pre_close": 14.49,
      "change": 0.02,
      "pct_chg": 0.138,
      "vol": 863673.6,
      "amount": 1258591.588
    },
    {
      "ts_code": "601919.SH",
      "trade_date": "20251023",
      "open": 14.97,
      "high": 15.07,
      "low": 14.9,
      "close": 15.05,
      "pre_close": 15.03,
      "change": 0.02,
      "pct_chg": 0.1331,
      "vol": 748963.06,
      "amount": 1123791.124
    },
    {
      "ts_code": "601919.SH",
      "trade_date": "20251022",
      "open": 14.94,
      "high": 15.07,
      "low": 14.94,
      "close": 15.03,
      "pre_close": 14.93,
      "change": 0.1,
      "pct_chg": 0.6698,
      "vol": 673249.3,
      "amount": 1010917.233
    },
    {
      "ts_code": "601919.SH",
      "trade_date": "20251021",
      "open": 14.9,
      "high": 14.97,
      "low": 14.78,
      "close": 14.93,
      "pre_close": 14.86,
      "change": 0.07,
      "pct_chg": 0.4711,
      "vol": 688777.93,
      "amount": 1026414.418
    },
    {
      "ts_code": "601919.SH",
      "trade_date": "20251020",
      "open": 14.9,
      "high": 14.99,
      "low": 14.76,
      "close": 14.86,
      "pre_close": 14.96,
      "change": -0.1,
      "pct_chg": -0.6684,
      "vol": 683846.41,
      "amount": 1016121.097
    },
    {
      "ts_code": "601919.SH",
      "trade_date": "20251017",
      "open": 15.02,
      "high": 15.1,
      "low": 14.9,
      "close": 14.96,
      "pre_close": 14.99,
      "change": -0.03,
      "pct_chg": -0.2001,
      "vol": 930057.42,
      "amount": 1393718.134
    },
    {
      "ts_code": "601919.SH",
      "trade_date": "20251016",
      "open": 14.75,
      "high": 14.99,
      "low": 14.74,
      "close": 14.99,
      "pre_close": 14.74,
      "change": 0.25,
      "pct_chg": 1.6961,
      "vol": 1193971.26,
      "amount": 1781025.686
    },
    {
      "ts_code": "601919.SH",
      "trade_date": "20251015",
      "open": 14.86,
      "high": 14.86,
      "low": 14.62,
      "close": 14.74,
      "pre_close": 14.87,
      "change": -0.13,
      "pct_chg": -0.8742,
      "vol": 857704.27,
      "amount": 1261052.21
    },
    {
      "ts_code": "601919.SH",
      "trade_date": "20251014",
      "open": 14.59,
      "high": 14.93,
      "low": 14.58,
      "close": 14.87,
      "pre_close": 14.44,
      "change": 0.43,
      "pct_chg": 2.9778,
      "vol": 1435863.07,
      "amount": 2125107.122
    },
    {
      "ts_code": "601919.SH",
      "trade_date": "20251013",
      "open": 14.26,
      "high": 14.48,
      "low": 14.2,
      "close": 14.44,
      "pre_close": 14.52,
      "change": -0.08,
      "pct_chg": -0.551,
      "vol": 909504.64,
      "amount": 1304116.469
    },
    {
      "ts_code": "601919.SH",
      "trade_date": "20251010",
      "open": 14.3,
      "high": 14.61,
      "low": 14.28,
      "close": 14.52,
      "pre_close": 14.38,
      "change": 0.14,
      "pct_chg": 0.9736,
      "vol": 903787.21,
      "amount": 1309618.949
    },
    {
      "ts_code": "601919.SH",
      "trade_date": "20251009",
      "open": 14.15,
      "high": 14.39,
      "low": 14.03,
      "close": 14.38,
      "pre_close": 14.34,
      "change": 0.04,
      "pct_chg": 0.2789,
      "vol": 874693.73,
      "amount": 1243922.171
    },
    {
      "ts_code": "601919.SH",
      "trade_date": "20250930",
      "open": 14.25,
      "high": 14.35,
      "low": 14.2,
      "close": 14.34,
      "pre_close": 14.25,
      "change": 0.09,
      "pct_chg": 0.6316,
      "vol": 601955.54,
      "amount": 859447.904
    },
    {
      "ts_code": "601919.SH",
      "trade_date": "20250929",
      "open": 14.3,
      "high": 14.34,
      "low": 14.11,
      "close": 14.25,
      "pre_close": 14.36,
      "change": -0.11,
      "pct_chg": -0.766,
      "vol": 860101.93,
      "amount": 1220450.352
    },
    {
      "ts_code": "601919.SH",
      "trade_date": "20250926",
      "open": 14.33,
      "high": 14.43,
      "low": 14.3,
      "close": 14.36,
      "pre_close": 14.37,
      "change": -0.01,
      "pct_chg": -0.0696,
      "vol": 482735.84,
      "amount": 692823.268
    },
    {
      "ts_code": "601919.SH",
      "trade_date": "20250925",
      "open": 14.45,
      "high": 14.45,
      "low": 14.33,
      "close": 14.37,
      "pre_close": 14.43,
      "change": -0.06,
      "pct_chg": -0.4158,
      "vol": 520200.51,
      "amount": 747626.296
    },
    {
      "ts_code": "601919.SH",
      "trade_date": "20250924",
      "open": 14.49,
      "high": 14.54,
      "low": 14.37,
      "close": 14.43,
      "pre_close": 14.53,
      "change": -0.1,
      "pct_chg": -0.6882,
      "vol": 681119.45,
      "amount": 983544.281
    },
    {
      "ts_code": "601919.SH",
      "trade_date": "20250923",
      "open": 14.45,
      "high": 14.56,
      "low": 14.33,
      "close": 14.53,
      "pre_close": 14.43,
      "change": 0.1,
      "pct_chg": 0.693,
      "vol": 824293.31,
      "amount": 1191489.836
    },
    {
      "ts_code": "601919.SH",
      "trade_date": "20250922",
      "open": 14.81,
      "high": 14.82,
      "low": 14.43,
      "close": 14.43,
      "pre_close": 14.88,
      "change": -0.45,
      "pct_chg": -3.0242,
      "vol": 1180705.13,
      "amount": 1716832.064
    },
    {
      "ts_code": "601919.SH",
      "trade_date": "20250919",
      "open": 14.68,
      "high": 14.9,
      "low": 14.62,
      "close": 14.88,
      "pre_close": 14.69,
      "change": 0.19,
      "pct_chg": 1.2934,
      "vol": 802153.33,
      "amount": 1189060.511
    },
    {
      "ts_code": "601919.SH",
      "trade_date": "20250918",
      "open": 14.95,
      "high": 14.98,
      "low": 14.62,
      "close": 14.69,
      "pre_close": 14.94,
      "change": -0.25,
      "pct_chg": -1.6734,
      "vol": 1101409.98,
      "amount": 1628038.32
    },
    {
      "ts_code": "601919.SH",
      "trade_date": "20250917",
      "open": 14.91,
      "high": 15.01,
      "low": 14.87,
      "close": 14.94,
      "pre_close": 14.9,
      "change": 0.04,
      "pct_chg": 0.2685,
      "vol": 609985.62,
      "amount": 911800.579
    },
    {
      "ts_code": "601919.SH",
      "trade_date": "20250916",
      "open": 14.95,
      "high": 15.0,
      "low": 14.87,
      "close": 14.9,
      "pre_close": 14.95,
      "change": -0.05,
      "pct_chg": -0.3344,
      "vol": 527936.86,
      "amount": 787224.227
    },
    {
      "ts_code": "601919.SH",
      "trade_date": "20250915",
      "open": 15.01,
      "high": 15.02,
      "low": 14.88,
      "close": 14.95,
      "pre_close": 15.01,
      "change": -0.06,
      "pct_chg": -0.3997,
      "vol": 674167.49,
      "amount": 1006372.57
    },
    {
      "ts_code": "601919.SH",
      "trade_date": "20250912",
      "open": 15.06,
      "high": 15.17,
      "low": 14.99,
      "close": 15.01,
      "pre_close": 15.08,
      "change": -0.07,
      "pct_chg": -0.4642,
      "vol": 673429.89,
      "amount": 1014182.989
    },
    {
      "ts_code": "601919.SH",
      "trade_date": "20250911",
      "open": 15.03,
      "high": 15.08,
      "low": 14.93,
      "close": 15.08,
      "pre_close": 15.05,
      "change": 0.03,
      "pct_chg": 0.1993,
      "vol": 841635.93,
      "amount": 1262958.809
    },
    {
      "ts_code": "601919.SH",
      "trade_date": "20250910",
      "open": 15.11,
      "high": 15.13,
      "low": 15.02,
      "close": 15.05,
      "pre_close": 15.11,
      "change": -0.06,
      "pct_chg": -0.3971,
      "vol": 515442.87,
      "amount": 776633.932
    },
    {
      "ts_code": "601919.SH",
      "trade_date": "20250909",
      "open": 15.21,
      "high": 15.24,
      "low": 15.07,
      "close": 15.11,
      "pre_close": 15.23,
      "change": -0.12,
      "pct_chg": -0.7879,
      "vol": 644421.52,
      "amount": 976656.495
    },
    {
      "ts_code": "601919.SH",
      "trade_date": "20250908",
      "open": 15.05,
      "high": 15.26,
      "low": 15.03,
      "close": 15.23,
      "pre_close": 15.12,
      "change": 0.11,
      "pct_chg": 0.7275,
      "vol": 799968.02,
      "amount": 1215285.299
    },
    {
      "ts_code": "601919.SH",
      "trade_date": "20250905",
      "open": 15.16,
      "high": 15.17,
      "low": 15.05,
      "close": 15.12,
      "pre_close": 15.16,
      "change": -0.04,
      "pct_chg": -0.2639,
      "vol": 636814.02,
      "amount": 962712.588
    },
    {
      "ts_code": "601919.SH",
      "trade_date": "20250904",
      "open": 15.14,
      "high": 15.22,
      "low": 14.93,
      "close": 15.16,
      "pre_close": 15.16,
      "change": 0.0,
      "pct_chg": 0.0,
      "vol": 1069405.24,
      "amount": 1609065.017
    },
    {
      "ts_code": "601919.SH",
      "trade_date": "20250903",
      "open": 15.4,
      "high": 15.42,
      "low": 15.11,
      "close": 15.16,
      "pre_close": 15.33,
      "change": -0.17,
      "pct_chg": -1.1089,
      "vol": 845496.89,
      "amount": 1283963.844
    },
    {
      "ts_code": "601919.SH",
      "trade_date": "20250902",
      "open": 15.22,
      "high": 15.4,
      "low": 15.18,
      "close": 15.33,
      "pre_close": 15.19,
      "change": 0.14,
      "pct_chg": 0.9217,
      "vol": 1086427.71,
      "amount": 1660980.207
    },
    {
      "ts_code": "601919.SH",
      "trade_date": "20250901",
      "open": 15.22,
      "high": 15.29,
      "low": 15.13,
      "close": 15.19,
      "pre_close": 15.28,
      "change": -0.09,
      "pct_chg": -0.589,
      "vol": 1313058.81,
      "amount": 1994255.137
    },
    {
      "ts_code": "601919.SH",
      "trade_date": "20250829",
      "open": 15.6,
      "high": 15.61,
      "low": 15.28,
      "close": 15.28,
      "pre_close": 15.94,
      "change": -0.66,
      "pct_chg": -4.1405,
      "vol": 2708100.72,
      "amount": 4170771.882
    },
    {
      "ts_code": "601919.SH",
      "trade_date": "20250828",
      "open": 15.62,
      "high": 15.95,
      "low": 15.62,
      "close": 15.94,
      "pre_close": 15.65,
      "change": 0.29,
      "pct_chg": 1.853,
      "vol": 966588.19,
      "amount": 1525536.168
    },
    {
      "ts_code": "601919.SH",
      "trade_date": "20250827",
      "open": 15.92,
      "high": 16.0,
      "low": 15.61,
      "close": 15.65,
      "pre_close": 15.96,
      "change": -0.31,
      "pct_chg": -1.9424,
      "vol": 1266746.91,
      "amount": 2004529.723
    },
    {
      "ts_code": "601919.SH",
      "trade_date": "20250826",
      "open": 15.91,
      "high": 16.05,
      "low": 15.8,
      "close": 15.96,
      "pre_close": 15.94,
      "change": 0.02,
      "pct_chg": 0.1255,
      "vol": 956736.12,
      "amount": 1526040.891
    },
    {
      "ts_code": "601919.SH",
      "trade_date": "20250825",
      "open": 15.67,
      "high": 15.95,
      "low": 15.64,
      "close": 15.94,
      "pre_close": 15.67,
      "change": 0.27,
      "pct_chg": 1.723,
      "vol": 1225798.7,
      "amount": 1934976.832
    },
    {
      "ts_code": "601919.SH",
      "trade_date": "20250822",
      "open": 15.67,
      "high": 15.71,
      "low": 15.51,
      "close": 15.67,
      "pre_close": 15.66,
      "change": 0.01,
      "pct_chg": 0.0639,
      "vol": 718808.42,
      "amount": 1120868.06
    },
    {
      "ts_code": "601919.SH",
      "trade_date": "20250821",
      "open": 15.55,
      "high": 15.72,
      "low": 15.51,
      "close": 15.66,
      "pre_close": 15.55,
      "change": 0.11,
      "pct_chg": 0.7074,
      "vol": 914815.52,
      "amount": 1431464.417
    },
    {
      "ts_code": "601919.SH",
      "trade_date": "20250820",
      "open": 15.3,
      "high": 15.57,
      "low": 15.2,
      "close": 15.55,
      "pre_close": 15.29,
      "change": 0.26,
      "pct_chg": 1.7005,
      "vol": 1026496.35,
      "amount": 1583307.88
    },
    {
      "ts_code": "601919.SH",
      "trade_date": "20250819",
      "open": 15.43,
      "high": 15.49,
      "low": 15.28,
      "close": 15.29,
      "pre_close": 15.4,
      "change": -0.11,
      "pct_chg": -0.7143,
      "vol": 995594.41,
      "amount": 1529160.232
    },
    {
      "ts_code": "601919.SH",
      "trade_date": "20250818",
      "open": 15.46,
      "high": 15.6,
      "low": 15.4,
      "close": 15.4,
      "pre_close": 15.46,
      "change": -0.06,
      "pct_chg": -0.3881,
      "vol": 1059575.06,
      "amount": 1642618.691
    },
    {
      "ts_code": "601919.SH",
      "trade_date": "20250815",
      "open": 15.54,
      "high": 15.58,
      "low": 15.41,
      "close": 15.46,
      "pre_close": 15.56,
      "change": -0.1,
      "pct_chg": -0.6427,
      "vol": 859252.29,
      "amount": 1331065.501
    },
    {
      "ts_code": "601919.SH",
      "trade_date": "20250814",
      "open": 15.66,
      "high": 15.77,
      "low": 15.56,
      "close": 15.56,
      "pre_close": 15.65,
      "change": -0.09,
      "pct_chg": -0.5751,
      "vol": 737109.08,
      "amount": 1155295.609
    },
    {
      "ts_code": "601919.SH",
      "trade_date": "20250813",
      "open": 15.75,
      "high": 15.76,
      "low": 15.62,
      "close": 15.65,
      "pre_close": 15.66,
      "change": -0.01,
      "pct_chg": -0.0639,
      "vol": 657822.88,
      "amount": 1030340.762
    },
    {
      "ts_code": "601919.SH",
      "trade_date": "20250812",
      "open": 15.72,
      "high": 15.79,
      "low": 15.65,
      "close": 15.66,
      "pre_close": 15.67,
      "change": -0.01,
      "pct_chg": -0.0638,
      "vol": 647911.41,
      "amount": 1017894.777
    },
    {
      "ts_code": "601919.SH",
      "trade_date": "20250811",
      "open": 15.79,
      "high": 15.8,
      "low": 15.64,
      "close": 15.67,
      "pre_close": 15.79,
      "change": -0.12,
      "pct_chg": -0.76,
      "vol": 639640.76,
      "amount": 1003036.216
    },
    {
      "ts_code": "601919.SH",
      "trade_date": "20250808",
      "open": 15.71,
      "high": 15.9,
      "low": 15.61,
      "close": 15.79,
      "pre_close": 15.64,
      "change": 0.15,
      "pct_chg": 0.9591,
      "vol": 743430.13,
      "amount": 1174264.907
    },
    {
      "ts_code": "601919.SH",
      "trade_date": "20250807",
      "open": 15.65,
      "high": 15.74,
      "low": 15.54,
      "close": 15.64,
      "pre_close": 15.63,
      "change": 0.01,
      "pct_chg": 0.064,
      "vol": 586581.32,
      "amount": 917158.067
    }
  ],
  "current_price": 15.03,
  "growth_curve": {
    "metrics": {
      "revenue_yoy": 0.53620307015031,
      "net_income_yoy": 0.5234720666527317,
      "revenue_cagr": 0.09919272899332388,
      "net_income_cagr": NaN,
      "periods_count": 95.0
    },
    "commentary": null
  },
  "ratios": {
    "ratios": {
      "gross_margin": NaN,
      "operating_margin": 0.22027043519305017,
      "net_margin": 0.18369056480915943,
      "ebitda_margin": NaN,
      "roe": 0.13261327360092331,
      "roa": 0.061663272290821115,
      "current_ratio": 1.5041835424937495,
      "quick_ratio": 1.4541146314033844,
      "debt_to_equity": 0.06238182023138999,
      "debt_to_assets": 0.028973155358520776,
      "net_debt_to_ebitda": NaN,
      "interest_coverage": 11.97761897709993,
      "asset_turnover": 0.33569101578453187,
      "inventory_turnover": 20.068509672993574,
      "receivables_turnover": NaN,
      "payables_turnover": 1.5562506468603892,
      "dso": NaN,
      "dio": 18.16229019690869,
      "dpo": 229.60145846500717,
      "fcf_margin": 0.2196801465145148,
      "capex_to_sales": 0.01887671795263738,
      "ocf_ratio": 0.3076451251677878,
      "eps": 1.987527184303728,
      "pe": NaN,
      "pb": NaN,
      "pcf": NaN,
      "dividend_yield": NaN,
      "ev_over_ebitda": NaN,
      "ev_over_sales": NaN,
      "cash_conversion_cycle": NaN
    },
    "metadata": {
      "notes": "Ratios computed from latest period with simple averages for denominators.",
      "latest_period": "2025-09-30 00:00:00"
    }
  },
  "anomalies": {
    "growth": [
      "revenue changed -43.6% at 2024-12-31 00:00:00",
      "revenue changed 61.2% at 2024-09-30 00:00:00",
      "revenue changed 185.4% at 2024-06-30 00:00:00",
      "revenue changed -70.1% at 2024-03-31 00:00:00",
      "revenue changed 121.8% at 2024-03-31 00:00:00",
      "revenue changed 53.4% at 2023-12-31 00:00:00",
      "revenue changed -90.6% at 2023-06-30 00:00:00",
      "revenue changed 112.4% at 2023-03-31 00:00:00",
      "revenue changed 69.3% at 2022-12-31 00:00:00",
      "revenue changed 44.1% at 2022-12-31 00:00:00",
      "revenue changed -68.8% at 2022-09-30 00:00:00",
      "revenue changed 119.4% at 2022-06-30 00:00:00",
      "revenue changed 56.4% at 2022-03-31 00:00:00",
      "revenue changed 34.9% at 2022-03-31 00:00:00",
      "revenue changed -79.6% at 2021-12-31 00:00:00",
      "revenue changed 108.2% at 2021-12-31 00:00:00",
      "revenue changed 53.3% at 2021-09-30 00:00:00",
      "revenue changed 31.4% at 2021-09-30 00:00:00",
      "revenue changed -77.2% at 2021-06-30 00:00:00",
      "revenue changed 120.8% at 2021-03-31 00:00:00",
      "revenue changed 55.0% at 2020-12-31 00:00:00",
      "revenue changed 34.2% at 2020-12-31 00:00:00",
      "revenue changed -78.9% at 2020-09-30 00:00:00",
      "revenue changed 98.3% at 2020-09-30 00:00:00",
      "revenue changed 52.6% at 2020-06-30 00:00:00",
      "revenue changed 34.4% at 2020-06-30 00:00:00",
      "revenue changed -77.1% at 2020-03-31 00:00:00",
      "revenue changed 110.7% at 2020-03-31 00:00:00",
      "revenue changed 58.4% at 2019-12-31 00:00:00",
      "revenue changed 35.7% at 2019-12-31 00:00:00",
      "revenue changed -77.0% at 2019-09-30 00:00:00",
      "revenue changed 102.0% at 2019-06-30 00:00:00",
      "revenue changed 47.2% at 2019-06-30 00:00:00",
      "revenue changed 30.3% at 2019-03-31 00:00:00",
      "revenue changed -74.6% at 2018-12-31 00:00:00",
      "revenue changed 111.8% at 2018-12-31 00:00:00",
      "revenue changed 61.2% at 2018-09-30 00:00:00",
      "revenue changed 42.7% at 2018-09-30 00:00:00",
      "revenue changed -71.8% at 2018-06-30 00:00:00",
      "revenue changed 116.2% at 2018-06-30 00:00:00",
      "revenue changed 55.5% at 2018-03-31 00:00:00",
      "revenue changed 33.8% at 2017-12-31 00:00:00",
      "revenue changed -75.8% at 2017-09-30 00:00:00",
      "revenue changed 105.6% at 2017-06-30 00:00:00",
      "revenue changed 82.2% at 2016-12-31 00:00:00",
      "revenue changed 47.1% at 2016-06-30 00:00:00",
      "revenue changed -71.0% at 2015-12-31 00:00:00",
      "revenue changed 105.6% at 2015-09-30 00:00:00",
      "revenue changed 54.8% at 2015-03-31 00:00:00",
      "revenue changed 35.3% at 2014-09-30 00:00:00",
      "revenue changed -76.1% at 2014-03-31 00:00:00",
      "revenue changed 105.1% at 2013-12-31 00:00:00",
      "revenue changed 59.0% at 2013-06-30 00:00:00",
      "revenue changed 45.5% at 2012-12-31 00:00:00",
      "revenue changed -62.1% at 2012-06-30 00:00:00",
      "revenue changed 114.8% at 2012-03-31 00:00:00",
      "revenue changed 66.2% at 2011-09-30 00:00:00",
      "revenue changed 44.2% at 2011-06-30 00:00:00",
      "revenue changed -68.4% at 2010-12-31 00:00:00",
      "revenue changed 99.7% at 2010-06-30 00:00:00",
      "revenue changed 50.2% at 2010-03-31 00:00:00",
      "revenue changed -87.9% at 2009-06-30 00:00:00",
      "revenue changed 94.0% at 2009-03-31 00:00:00",
      "revenue changed 46.5% at 2008-12-31 00:00:00",
      "revenue changed 30.4% at 2008-09-30 00:00:00",
      "revenue changed -72.5% at 2008-03-31 00:00:00",
      "revenue changed 109.7% at 2007-12-31 00:00:00",
      "revenue changed 72.7% at 2007-09-30 00:00:00",
      "revenue changed 33.8% at 2007-06-30 00:00:00",
      "revenue changed -75.2% at 2006-12-31 00:00:00",
      "revenue changed 88.2% at 2004-12-31 00:00:00",
      "revenue changed 53.6% at 2002-12-31 00:00:00",
      "net_income changed -298.9% at 2025-06-30 00:00:00",
      "net_income changed 109.5% at 2025-06-30 00:00:00",
      "net_income changed -56.6% at 2025-03-31 00:00:00",
      "net_income changed -37.5% at 2024-12-31 00:00:00",
      "net_income changed 71.4% at 2024-09-30 00:00:00",
      "net_income changed 732.1% at 2024-06-30 00:00:00",
      "net_income changed -69.3% at 2024-03-31 00:00:00",
      "net_income changed 132.7% at 2024-03-31 00:00:00",
      "net_income changed 39.5% at 2023-12-31 00:00:00",
      "net_income changed -42.6% at 2023-09-30 00:00:00",
      "net_income changed -126.3% at 2023-06-30 00:00:00",
      "net_income changed 32.3% at 2023-03-31 00:00:00",
      "net_income changed 44.7% at 2022-12-31 00:00:00",
      "net_income changed -116.2% at 2022-09-30 00:00:00",
      "net_income changed 265.5% at 2022-06-30 00:00:00",
      "net_income changed 64.0% at 2022-03-31 00:00:00",
      "net_income changed -100.9% at 2021-12-31 00:00:00",
      "net_income changed 2461.7% at 2021-12-31 00:00:00",
      "net_income changed 93.5% at 2021-09-30 00:00:00",
      "net_income changed 162.0% at 2021-09-30 00:00:00",
      "net_income changed -73.1% at 2021-06-30 00:00:00",
      "net_income changed 73.3% at 2021-03-31 00:00:00",
      "net_income changed 54.9% at 2020-12-31 00:00:00",
      "net_income changed -79.0% at 2020-09-30 00:00:00",
      "net_income changed -164.6% at 2020-09-30 00:00:00",
      "net_income changed -66.6% at 2020-06-30 00:00:00",
      "net_income changed 680.1% at 2020-06-30 00:00:00",
      "net_income changed -156.4% at 2020-03-31 00:00:00",
      "net_income changed -117.8% at 2019-12-31 00:00:00",
      "net_income changed 420.9% at 2019-12-31 00:00:00",
      "net_income changed -147.0% at 2019-09-30 00:00:00",
      "net_income changed -450.5% at 2019-06-30 00:00:00",
      "net_income changed -54.5% at 2019-06-30 00:00:00",
      "net_income changed 54.2% at 2019-03-31 00:00:00",
      "net_income changed -343.9% at 2018-12-31 00:00:00",
      "net_income changed 55.5% at 2018-12-31 00:00:00",
      "net_income changed -105.3% at 2018-06-30 00:00:00",
      "net_income changed 609.6% at 2018-06-30 00:00:00",
      "net_income changed 34.3% at 2018-03-31 00:00:00",
      "net_income changed -89.7% at 2017-09-30 00:00:00",
      "net_income changed 55.2% at 2017-06-30 00:00:00",
      "net_income changed 176.9% at 2016-12-31 00:00:00",
      "net_income changed 42.1% at 2016-06-30 00:00:00",
      "net_income changed -63.9% at 2015-12-31 00:00:00",
      "net_income changed 98.5% at 2015-09-30 00:00:00",
      "net_income changed 62.6% at 2015-03-31 00:00:00",
      "net_income changed 193.7% at 2014-09-30 00:00:00",
      "net_income changed -93.5% at 2014-03-31 00:00:00",
      "net_income changed 187.5% at 2013-12-31 00:00:00",
      "net_income changed 185.4% at 2013-06-30 00:00:00",
      "net_income changed 138.4% at 2012-12-31 00:00:00",
      "net_income changed 34.9% at 2012-06-30 00:00:00",
      "net_income changed 140.9% at 2012-03-31 00:00:00",
      "net_income changed 82.0% at 2011-09-30 00:00:00",
      "net_income changed 33.1% at 2011-06-30 00:00:00",
      "net_income changed -68.7% at 2010-12-31 00:00:00",
      "net_income changed 135.6% at 2010-06-30 00:00:00",
      "net_income changed 50.3% at 2010-03-31 00:00:00",
      "net_income changed -93.5% at 2009-06-30 00:00:00",
      "net_income changed 129.3% at 2009-03-31 00:00:00",
      "net_income changed 32.1% at 2008-12-31 00:00:00",
      "net_income changed -72.9% at 2008-03-31 00:00:00",
      "net_income changed 150.7% at 2007-12-31 00:00:00",
      "net_income changed 125.1% at 2007-09-30 00:00:00",
      "net_income changed -76.1% at 2006-12-31 00:00:00",
      "net_income changed 52.7% at 2004-12-31 00:00:00",
      "net_income changed 52.3% at 2002-12-31 00:00:00"
    ],
    "profitability": []
  },
  "news_digest": "*Thinking...*\n\n> **Searching Recent Information**\n> \n> I'm currently focused on gathering information regarding COSCO SHIPPING Holdings (601919.SH). My immediate goal is to locate recent news, announcements, and research summaries from the past 30 days, specifically between November 5th and December 5th, 2025. This search will form the foundation for further analysis.\n> \n> \n> **Mapping Recent Events**\n> \n> I've shifted focus to mapping the retrieved data. I'm now compiling a list of key events related to COSCO SHIPPING Holdings, ensuring each entry includes date, source, sentiment, an impact summary, and a URL, formatted as a Markdown list. This will involve analyzing the search results for significant occurrences within the specified timeframe.\n> \n> \n> **Executing Initial Searches**\n> \n> I'm now putting the search queries into action. My aim is to locate recent news and financial data. I'm starting with Chinese search terms for maximum relevance. Once the search results are ready, I'll proceed with event mapping and then synthesis.\n> \n> \n**Map**\n\n- [2025-12-02][智通财经][积极] 截至11月30日，中远海控通过集中竞价交易方式累计回购A股约5000万股，总金额约7.48亿元人民币，显示公司对自身价值的信心。 [[1]](https://cn.investing.com/news/stock-market-news/article-3107885)[[2]](https://www.jiemian.com/article/13710725.html)\n- [2025-12-02][智通财经][积极] 受益于航线重构、运力紧张及季节性需求旺盛，集运市场价格持续攀升，波罗的海干散货指数（BDI）创下新高，利好航运板块。 [[3]](https://cn.investing.com/news/stock-market-news/article-3107299)[[4]](https://www.xindemarinenews.com/world/62070.html)\n- [2025-12-01][网易][中性] 2025年11月下旬，美英对也门胡塞武装控制区进行空袭，胡塞武装随后宣布所有美英船只均为合法打击目标，加剧了红海航运危机。 [[5]](https://www.163.com/dy/article/KFM9TJ4N0556DBGU.html)\n- [2025-12-04][浙商证券][中性] 研报指出，尽管集运运价承压，但中远海控通过增加除跨太平洋航线外的货运量，实现了第三季度总货运量的同比增长4.91%。 [[6]](http://www.aastocks.com/sc/stocks/analysis/china-hot-topic-content.aspx?id=GLH2193630L&catg=4&source=GLH)\n- [2025-11-17][新浪财经][中性] 公司于2025年11月17日举行第三季度业绩说明会，与投资者就经营状况和未来发展进行沟通。 [[7]](http://money.finance.sina.com.cn/corp/view/vCB_AllBulletinDetail.php?stockid=601919&id=11576036)\n- [2025-11-13][海事服务网][负面] 尽管胡塞武装曾于11月11日声明暂停对红海航运的袭击，但航运公司和保险公司仍持谨慎态度，大规模恢复红海航线面临不确定性。 [[8]](https://www.cnss.com.cn/html/currentevents/20251113/358295.html)\n- [2025-11-06][财富号][中性] 高盛研报分析，中远海控三季度业绩超预期，主要得益于区域航线优势和成本控制，但对行业长期运价持谨慎乐观态度，维持“中性”评级。 [[9]](https://caifuhao.eastmoney.com/news/20251106001012496225340)\n- [2025-11-05][东方财富][积极] 公司发布公告，披露以集中竞价交易方式首次回购A股股份，并公布了截至11月初的回购进展。 [[10]](https://data.eastmoney.com/notice/601919.html)[[11]](https://vip.stock.finance.sina.com.cn/corp/view/vCB_AllMemordDetail.php?stockid=601919)\n\n**Reduce**\n\n- **催化剂：运价上涨与市场景气度提升**\n尽管全球贸易环境复杂，但进入2025年第四季度，航运市场迎来多重利好。由于地缘政治因素导致部分航线重构、运力紧张，叠加“黑五”及圣诞节前的传统旺季需求，集运市场价格持续攀升。 [[3]](https://cn.investing.com/news/stock-market-news/article-3107299) 波罗的海干散货指数（BDI）在11月底创下近两年新高，显示干散货市场快速升温。 [[3]](https://cn.investing.com/news/stock-market-news/article-3107299)[[4]](https://www.xindemarinenews.com/world/62070.html) 此外，多家航运巨头提前上调亚欧航线运价，旨在锁定新一年度的合同利润。 [[3]](https://cn.investing.com/news/stock-market-news/article-3107299)\n\n- **风险：红海局势持续紧张，增加运营成本与不确定性**\n2025年11月下旬，美英对也门胡塞武装的空袭导致地区紧张局势升级。 [[5]](https://www.163.com/dy/article/KFM9TJ4N0556DBGU.html) 胡塞武装宣布将美英船只作为合法打击目标，这使得红海这一关键航道的风险急剧增加。 [[5]](https://www.163.com/dy/article/KFM9TJ4N0556DBGU.html) 尽管此前胡塞武装曾短暂表示停止袭击，但航运业普遍认为，在获得更可靠的安全保证前，全面恢复苏伊士运河航线仍十分困难。 [[8]](https://www.cnss.com.cn/html/currentevents/20251113/358295.html)[[9]](https://caifuhao.eastmoney.com/news/20251106001012496225340) 船只被迫绕行好望角，不仅使航程增加约3000海里，还导致单船成本显著上升，并对全球供应链的稳定构成持续威胁。 [[5]](https://www.163.com/dy/article/KFM9TJ4N0556DBGU.html)[[12]](https://www.freightamigo.com/sc/blog/logistics/navigating-the-red-sea-crisis-impacts-and-solutions-for-global-shipping/)\n\n- **公司应对与价值维护：积极回购股份，优化航线与成本控制**\n面对复杂的外部环境，中远海控采取了积极的应对措施。公司持续推进股份回购计划，截至2025年11月30日，已累计回购A股股份约5000万股，耗资约7.48亿元人民币，向市场传递了对公司未来发展的信心。 [[1]](https://cn.investing.com/news/stock-market-news/article-3107885)[[13]](https://cn.investing.com/news/stock-market-news/article-3103885) 同时，公司在运营层面展现出较强的韧性。根据券商研报分析，公司通过优化航线布局，尤其是在亚洲区域内航线的优势，以及精细化的成本管控，使得第三季度业绩表现优于行业平均水平。 [[6]](http://www.aastocks.com/sc/stocks/analysis/china-hot-topic-content.aspx?id=GLH2193630L&catg=4&source=GLH)[[9]](https://caifuhao.eastmoney.com/news/20251106001012496225340)\n\n---\nLearn more:\n1. [中远海控(601919.SH)累计回购约5000万股耗资7.48亿元](https://cn.investing.com/news/stock-market-news/article-3107885)\n2. [中远海控：已回购5000.01万股，使用资金总额7.48亿元 - 界面新闻](https://www.jiemian.com/article/13710725.html)\n3. [港股概念追踪| 集运市场价格持续攀升航运板块获多重利好支撑（附概念股）](https://cn.investing.com/news/stock-market-news/article-3107299)\n4. [BDI指数突破2500点，创近两年来新高 - 信德海事网](https://www.xindemarinenews.com/world/62070.html)\n5. [美英空袭胡塞武装加剧红海航运危机- 伊朗 - 网易](https://www.163.com/dy/article/KFM9TJ4N0556DBGU.html)\n6. [研报掘金丨浙商证券：维持中远海控“增持”评级，多举措提升货运量 - 中国市场新闻](http://www.aastocks.com/sc/stocks/analysis/china-hot-topic-content.aspx?id=GLH2193630L&catg=4&source=GLH)\n7. [中远海控：关于召开2025年第三季度业绩说明会的公告新浪财经](http://money.finance.sina.com.cn/corp/view/vCB_AllBulletinDetail.php?stockid=601919&id=11576036)\n8. [胡塞武装：停止红海袭击！航运业能松口气了吗？](https://www.cnss.com.cn/html/currentevents/20251113/358295.html)\n9. [高盛研报笔记-中远海控2025年Q3分析师会议纪要要点：第三季度运价改善且成本下降，对行业长期运价持谨慎乐观态度 - 财富号](https://caifuhao.eastmoney.com/news/20251106001012496225340)\n10. [中远海控H股公告 - 数据](https://data.eastmoney.com/notice/601919.html)\n11. [中远海控(601919)\\_重大事项提醒与新闻公告 - 新浪](https://vip.stock.finance.sina.com.cn/corp/view/vCB_AllMemordDetail.php?stockid=601919)\n12. [应对红海危机：全球航运的影响与解决方案 - FreightAmigo](https://www.freightamigo.com/sc/blog/logistics/navigating-the-red-sea-crisis-impacts-and-solutions-for-global-shipping/)\n13. [中远海控(01919)11月28日斥资3978.25万港元回购300万股提供者智通财经](https://cn.investing.com/news/stock-market-news/article-3103885)\n\n",
  "qual_notes": "### 中远海控 (601919.SH) 定性研究要点\n\n- **行业与竞争格局**：公司所处的水运业（集装箱运输）具有强周期性，业绩与全球宏观经济和贸易景气度高度相关 [[1]](https://www.gelonghui.com/p/765551)[[2]](https://www.moomoo.com/hans/news/post/4759424/the-king-of-the-cycle-ride-the-wind-and-waves)。作为全球运力规模第一梯队的航运巨头，公司通过整合集运与码头资源，发挥港航协同效应，并积极向数字化、端到端的全程供应链服务转型以建立差异化优势 [[3]](https://pdf.dfcfw.com/pdf/H3_AP202207111576048339_1.pdf)[[4]](https://www.zgsyb.com/news.html?aid=719682)。公司在盈利能力和成本管控方面展现出行业领先水平 [[5]](https://www.xindemarinenews.com/china/53924.html)[[6]](https://www.xindemarinenews.com/china/60001.html)。主要竞争对手包括马士基（Maersk）、达飞（CMA CGM）等全球头部班轮公司 [[6]](https://www.xindemarinenews.com/china/60001.html)。 (来源: 新闻/常识)\n\n- **近期催化剂与政策/宏观影响**：\n    - **运价上涨**：受红海地缘政治危机影响，船只绕行好望角导致有效运力紧张，叠加传统旺季需求，推动集装箱运价持续上涨 [[7]](https://wap.eworldship.com/index.php/eworldship/news/article?id=204115)[[8]](https://uanalyze.com.tw/articles/4978910325)。 (来源: 新闻)\n    - **市场情绪**：波罗的海干散货指数（BDI）走强，反映航运市场景气度提升，对板块情绪有提振作用 [[9]](https://www.cathaysec.com.tw/cathaysec/News/nContent.aspx?NewsDate=20251204&CSeqNO=E9182239)。 (来源: 新闻)\n    - **公司行动**：公司积极进行A股股份回购，已累计耗资约14.04亿元，向市场传递了对公司价值的信心 [[10]](https://www.stcn.com/article/detail/1644325.html)[[11]](https://www.xindemarinenews.com/m/view.php?aid=59407)。 (来源: 新闻)\n\n- **需要关注的经营风险或不确定性**：\n    - **地缘政治风险**：红海危机持续发酵，增加了航行风险、运营成本和全球供应链的不确定性 [[12]](https://m.nigaodq.com/news/lanmu2/1408.html)[[13]](https://money.udn.com/money/story/10871/8534561)。危机的持续时间将直接影响航运公司的年度盈亏 [[14]](https://www.xindemarinenews.com/world/58835.html)。 (来源: 新闻)\n    - **宏观经济与贸易政策**：全球经济增长放缓、主要经济体（如美国）的关税政策调整，可能抑制消费需求，对未来的货运量构成潜在威胁 [[8]](https://uanalyze.com.tw/articles/4978910325)[[12]](https://m.nigaodq.com/news/lanmu2/1408.html)。 (来源: 新闻)\n    - **运力供给与运价波动**：尽管当前运力紧张，但市场对未来新船订单交付可能带来的供给过剩存有担忧，运价的长期可持续性仍面临不确定性 [[1]](https://www.gelonghui.com/p/765551)[[15]](https://pro.huxiu.com/article/2357859.html)。 (来源: 新闻)\n\n---\nLearn more:\n1. [绩优龙头股系列：国际航运龙头中远海控投资价值分析 - 格隆汇](https://www.gelonghui.com/p/765551)\n2. [周期之王，乘风破浪！中远海控强势崛起 - Moomoo](https://www.moomoo.com/hans/news/post/4759424/the-king-of-the-cycle-ride-the-wind-and-waves)\n3. [中远海控（601919.SH）](https://pdf.dfcfw.com/pdf/H3_AP202207111576048339_1.pdf)\n4. [中远海控：全球竞争力再上新台阶 - 中国水运网](https://www.zgsyb.com/news.html?aid=719682)\n5. [中远海控，全年排名第一！ - 信德海事网](https://www.xindemarinenews.com/china/53924.html)\n6. [【榜单】中远海控，排名第一！ - 信德海事网](https://www.xindemarinenews.com/china/60001.html)\n7. [分析师：红海危机可能持续到2025年](https://wap.eworldship.com/index.php/eworldship/news/article?id=204115)\n8. [海運｜2025 年航運市場成長4%？紅海危機與關稅變數仍待觀察 - 優分析](https://uanalyze.com.tw/articles/4978910325)\n9. [散裝航運族群股價這麼強原來是這個原因 - 國泰綜合證券](https://www.cathaysec.com.tw/cathaysec/News/nContent.aspx?NewsDate=20251204&CSeqNO=E9182239)\n10. [“海运之王”中远海控：预计今年一季度净利润增73.04% - 证券时报](https://www.stcn.com/article/detail/1644325.html)\n11. [在不确定中谋确定：中远海控与招商局集团的“逆风破浪之道” - 信德海事网](https://www.xindemarinenews.com/m/view.php?aid=59407)\n12. [中远海控的风险与机遇：全面投资分析 - 股票配资](https://m.nigaodq.com/news/lanmu2/1408.html)\n13. [航運業：2025年上半年海運供需吃緊陽明、萬海高層認為紅海事件仍有干擾 - 經濟日報](https://money.udn.com/money/story/10871/8534561)\n14. [越来越多的油轮和干散货船绕航避开红海 - 信德海事网](https://www.xindemarinenews.com/world/58835.html)\n15. [中远海控，难涨难跌| 深见 - 妙投](https://pro.huxiu.com/article/2357859.html)\n\n",
  "valuation": {
    "intrinsic_value": 36.486852150223,
    "valuation_methods": {
      "dcf": {
        "fair_value": 43.160796535890086,
        "equity_value": 668550152680.8182,
        "wacc": 0.1,
        "g": 0.08,
        "gt": 0.03,
        "years": 5.0,
        "fair_value_wacc_8": 60.84949842512492,
        "fair_value_wacc_12": 33.35020783091125,
        "fair_value_g_7": 41.40565223766499,
        "fair_value_g_9": 44.97819765104265
      },
      "pe_band": {
        "fair_value": 29.81290776455592,
        "pe_low": 10.0,
        "pe_high": 20.0
      }
    }
  },
  "company_intro": "中远海控 (601919.SH) 是全球领先的集装箱航运综合服务商。公司基本面稳健，近期通过积极的股份回购计划彰显其对自身价值的信心，截至2025年11月底已累计回购约7.48亿元人民币。面对复杂的外部环境，公司展现出卓越的运营韧性，通过优化航线布局与精细化成本管控，在2025年第三季度实现了优于行业的业绩表现。其货运量在部分航线承压的情况下，通过在其他航线，特别是亚洲区域内航线的增长，实现了4.91%的同比总货运量提升，显示了其强大的市场适应能力与管理效率。",
  "industry_analysis": "集运业正处在机遇与挑战并存的复杂局面。一方面，受益于航线重构、运力紧张及传统旺季需求，市场运价持续攀升，波罗的海干散货指数(BDI)创下新高，行业景气度显著回暖。各大航运公司亦上调新年度合同运价，试图锁定利润。另一方面，红海地区地缘政治风险急剧升级，美英空袭后胡塞武装宣布扩大打击目标，导致船只被迫绕行好望角。此举不仅大幅增加航行时间和运营成本，也给全球供应链的稳定性带来持续威胁。短期内，行业盈利能力将取决于运价上涨收益与绕航成本增加之间的博弈。",
  "growth_analysis": "公司近期增长势头强劲，最新数据显示其营业收入与归母净利润的同比增长率分别高达53.62%和52.35%，反映了当前航运市场高景气度带来的显著效益。从长期视角看，公司过去95个报告期的营业收入复合年均增长率(CAGR)为9.92%，表明其具备稳健的长期扩张能力。尽管长期净利润CAGR数据缺失（可能因历史周期性亏损导致），但公司在2025年第三季度仍实现总货运量4.91%的同比增长，证明其在充满挑战的市场中依然能够凭借运营优化捕捉增长机会，增长韧性得到验证。",
  "financial_analysis": "截至2025年三季度末，公司财务状况极为健康。其盈利能力突出，营业利润率和净利润率分别为22.03%和18.37%，净资产收益率(ROE)达到13.26%。资产负债表异常坚实，资产负债率仅为2.89%，产权比率(D/E)低至0.062，利息保障倍数高达11.98倍，显示财务风险极低。公司现金流创造能力强大，自由现金流利润率高达21.97%，流动比率与速动比率分别为1.50和1.45，短期偿债能力无忧。此外，高达229.6天的应付账款周转天数，也反映了公司在产业链中强大的议价能力。",
  "valuation_analysis": "根据量化模型评估，中远海控的估值存在显著低估。截至2025年12月4日，公司股价为15.03元，而其综合内在价值评估为36.49元。其中，贴现现金流(DCF)模型在10%的WACC和3%的永续增长率假设下，测算的合理价值为43.16元，较当前股价存在超过180%的潜在上行空间。即便在更保守的12% WACC假设下，其价值也达到33.35元。同时，市盈率(PE)估值带分析亦给出了29.81元的目标价。所有估值方法均指向同一结论：当前股价远未反映其内在价值，安全边际充足。",
  "core_viewpoints": "我们认为中远海控具备显著的投资价值。首先，公司基本面坚如磐石，盈利能力强（净利率18.4%），财务杠杆极低（产权比率0.06），且拥有强大的自由现金流（FCF利润率22.0%）。其次，行业正迎来运价上行的有利催化，公司凭借其运营韧性与成本控制能力，有望充分受益。再次，尽管红海局势构成主要风险，增加了运营成本与不确定性，但公司已通过优化航线展现出应对能力。最后，当前股价（15.03元）较DCF估值（43.16元）存在巨大折价，公司自身积极的股票回购行动也印证了其价值被低估的判断。",
  "narrative_missing_sections": [],
  "risk_catalyst": "好的，遵照您的要求，我将以CFA级别股票分析师的身份，根据您提供的定量数据、估值、新闻摘要及公司背景，撰写关于中远海控（601919.SH）的风险与催化剂段落。\n\n---\n\n### **投资催化剂 (Investment Catalysts)**\n\n*   **显著的估值修复空间：** 公司当前股价（15.03元）远低于我们基于多种方法测算的内在价值。具体而言，我们的DCF模型得出每股43.16元的公允价值，即使在更保守的市盈率通道法下，估值也达到29.81元，这表明当前市场定价可能未充分反映公司的长期盈利能力与资产价值，存在超过100%的潜在上涨空间 **(来源：定量)**。随着市场对公司稳健基本面的认知加深，我们预计将出现强劲的估值修复行情。\n\n*   **积极的股东回报与稳健的财务状况：** 公司正积极通过二级市场回购A股股份，截至2025年11月底已投入约7.48亿元人民币，这不仅直接提振了每股收益，更向市场传递了管理层对公司内在价值的坚定信心 **(来源：新闻)**。支撑这一举措的是公司卓越的财务健康状况：自由现金流利润率高达22.0%，资产负债率仅为2.9%，且几乎没有有息负债（净负债权益比为6.2%），强大的现金生成能力和极低的杠杆水平为持续的股东回报（回购或分红）提供了坚实基础 **(来源：定量)**。\n\n*   **行业景气度回升，运价具备上涨动力：** 进入四季度，集运市场迎来多重利好。地缘政治冲突导致部分运力绕行，叠加传统旺季需求，共同推高了即期运价。波罗的海干散货指数（BDI）创下近期新高，反映出整体航运市场的积极情绪 **(来源：新闻)**。同时，公司展现出卓越的运营韧性，通过优化航线结构和成本控制，在第三季度实现了优于同行的业绩表现，证明其有能力在市场回暖时更高效地捕捉利润 **(来源：新闻)**。\n\n### **风险因素 (Risk Factors)**\n\n*   **地缘政治冲突加剧，运营成本与不确定性上升：** 红海地区的军事冲突持续升级，胡塞武装将美英船只列为打击目标，导致全球主要航运公司被迫暂停红海航线，绕行非洲好望角。此举不仅使亚欧航线航程增加约两周，显著推高了燃油、保险及其他运营成本，还对全球供应链的准时性和稳定性构成严重威胁 **(来源：新闻)**。尽管绕行短期内可能因有效运力减少而推高即期运价，但长期来看，成本的持续上升和航线的不确定性将侵蚀公司利润并增加运营风险。\n\n*   **全球宏观经济波动与贸易需求放缓：** 作为典型的周期性行业，集装箱航运业高度依赖全球宏观经济和国际贸易的景气度。若全球主要经济体（如欧美）未来陷入衰退或经济增长显著放缓，将直接抑制消费品和制成品的需求，导致全球货运量萎缩。这将对集运市场的长期运价水平构成结构性压力，从而影响公司的收入和盈利能力 **(来源：定性)**。\n\n*   **行业运力供给过剩的长期风险：** 过去几年行业高景气度催生了大量新船订单，这些新增运力将在未来几年内集中交付。尽管当前地缘政治因素暂时吸收了部分过剩运力，但一旦地区局势缓和，航线恢复正常，市场可能面临供过于求的局面。长期的运力过剩将导致船公司之间竞争加剧，并对运价形成持续的下行压力，是行业面临的核心中期风险 **(来源：定性)**。",
  "review_report": "好的，已完成复核。以下是检查结果：\n\n*   **[错误] 估值与比率数据矛盾**\n    *   原因：`valuation`模块中使用了市盈率通道法 (`pe_band`) 并得出了29.81的公允价值，但`ratios`模块中的市盈率 (`pe`) 指标却为`nan` (无法计算)。在无法计算当前市盈率的情况下使用市盈率通道法进行估值，存在严重的方法论矛盾。必须解释`pe_band`的计算基准（例如，是基于预测每股收益还是历史平均市盈率），否则该估值结果不可信。\n\n*   **[错误] 核心叙事段落缺失**\n    *   原因：任务要求检查`company_intro` / `industry_analysis` / `growth_analysis` / `financial_analysis` / `valuation_analysis` / `risk_catalyst`等叙事段落，但输入内容中并未提供这些段落。`news_digest`中的“Reduce”部分仅能部分替代`risk_catalyst`和`growth_analysis`，但远非完整的分析报告。\n\n*   **[错误] 关键定性与异常提示模块缺失**\n    *   原因：任务要求检查`qual_notes` (定性要点) 和 `anomalies` (数据异常提示) 模块，但输入内容缺失。这导致一些关键的量化异常（如下文提到的CAGR为nan）没有在专门的模块中被指出和解释。\n\n*   **[警告] 关键量化指标异常且未解释**\n    *   原因：`growth_curve`数据显示，净利润的复合年增长率 (`net_income_cagr`) 为`nan`。这通常意味着基期数据存在负值或零，导致无法进行有意义的计算。这是一个重要的数据异常，应在`financial_analysis`或`anomalies`部分进行解释，但相关内容缺失。\n\n*   **[警告] 新闻摘要引用不够明确**\n    *   原因：`news_digest`的“Reduce”部分（叙事摘要）综合了“Map”部分（新闻列表）的信息，但并未在关键论断处直接注明来源。例如，“波罗的海干散货指数（BDI）在11月底创下近两年新高”和“根据券商研报分析，公司通过优化航线布局...”等关键信息，虽然来源在“Map”中有列出（[智通财经]、[浙商证券]），但在总结段落中未能直接对应，降低了可追溯性。\n\n*   **[通过] 量化结果与新闻摘要基本一致**\n    *   原因：`growth_curve`中高达53.6%的营收同比增长（`revenue_yoy`）与新闻中提到的“集运市场价格持续攀升”、“业绩超预期”等积极信息相符。此外，新闻中提到的公司回购约5000万股耗资7.48亿元，计算得出平均回购价约为14.96元，与`current_price`（15.03元）高度一致，交叉验证通过。\n\n---\n**结论：需要重写/补充的段落**\n\n基于以上问题，以下部分需要进行重大修改或从头开始撰写：\n\n1.  **`valuation_analysis`**: 必须重写。需要详细解释`pe_band`估值的逻辑基础，解决其与当前PE比率缺失的矛盾。同时，需结合DCF估值（43.16）和当前股价（15.03），对巨大的估值差异进行深入分析和讨论。\n2.  **所有缺失的叙事段落**: 包括`company_intro`, `industry_analysis`, `growth_analysis`, `financial_analysis`, `risk_catalyst`。需要基于量化数据和新闻信息进行全面撰写，以构成一份完整的分析报告。\n3.  **`anomalies` / `financial_analysis`**: 需要补充内容，对`net_income_cagr`为`nan`等数据异常点进行解释。",
  "charts": [
    {
      "path": "/mnt/d/Work/A Stock Agent/CodexEnv/reports/charts/601919.SH_price.png",
      "caption": "Price Trend"
    },
    {
      "path": "/mnt/d/Work/A Stock Agent/CodexEnv/reports/charts/601919.SH_revenue_netincome.png",
      "caption": "Revenue/Net Income Trend"
    }
  ],
  "markdown_report": "# COSCO SHIPPING Holdings 深度研究报告\n\n> 报告生成日期：2025-12-05\n> 股票代码：601919.SH\n\n## 核心观点\n我们认为中远海控具备显著的投资价值。首先，公司基本面坚如磐石，盈利能力强（净利率18.4%），财务杠杆极低（产权比率0.06），且拥有强大的自由现金流（FCF利润率22.0%）。其次，行业正迎来运价上行的有利催化，公司凭借其运营韧性与成本控制能力，有望充分受益。再次，尽管红海局势构成主要风险，增加了运营成本与不确定性，但公司已通过优化航线展现出应对能力。最后，当前股价（15.03元）较DCF估值（43.16元）存在巨大折价，公司自身积极的股票回购行动也印证了其价值被低估的判断。\n\n## 公司简介\n中远海控 (601919.SH) 是全球领先的集装箱航运综合服务商。公司基本面稳健，近期通过积极的股份回购计划彰显其对自身价值的信心，截至2025年11月底已累计回购约7.48亿元人民币。面对复杂的外部环境，公司展现出卓越的运营韧性，通过优化航线布局与精细化成本管控，在2025年第三季度实现了优于行业的业绩表现。其货运量在部分航线承压的情况下，通过在其他航线，特别是亚洲区域内航线的增长，实现了4.91%的同比总货运量提升，显示了其强大的市场适应能力与管理效率。\n\n## 行业与竞争格局\n集运业正处在机遇与挑战并存的复杂局面。一方面，受益于航线重构、运力紧张及传统旺季需求，市场运价持续攀升，波罗的海干散货指数(BDI)创下新高，行业景气度显著回暖。各大航运公司亦上调新年度合同运价，试图锁定利润。另一方面，红海地区地缘政治风险急剧升级，美英空袭后胡塞武装宣布扩大打击目标，导致船只被迫绕行好望角。此举不仅大幅增加航行时间和运营成本，也给全球供应链的稳定性带来持续威胁。短期内，行业盈利能力将取决于运价上涨收益与绕航成本增加之间的博弈。\n\n## 增长分析\n公司近期增长势头强劲，最新数据显示其营业收入与归母净利润的同比增长率分别高达53.62%和52.35%，反映了当前航运市场高景气度带来的显著效益。从长期视角看，公司过去95个报告期的营业收入复合年均增长率(CAGR)为9.92%，表明其具备稳健的长期扩张能力。尽管长期净利润CAGR数据缺失（可能因历史周期性亏损导致），但公司在2025年第三季度仍实现总货运量4.91%的同比增长，证明其在充满挑战的市场中依然能够凭借运营优化捕捉增长机会，增长韧性得到验证。\n\n## 财务表现\n截至2025年三季度末，公司财务状况极为健康。其盈利能力突出，营业利润率和净利润率分别为22.03%和18.37%，净资产收益率(ROE)达到13.26%。资产负债表异常坚实，资产负债率仅为2.89%，产权比率(D/E)低至0.062，利息保障倍数高达11.98倍，显示财务风险极低。公司现金流创造能力强大，自由现金流利润率高达21.97%，流动比率与速动比率分别为1.50和1.45，短期偿债能力无忧。此外，高达229.6天的应付账款周转天数，也反映了公司在产业链中强大的议价能力。\n\n## 估值与敏感性\n根据量化模型评估，中远海控的估值存在显著低估。截至2025年12月4日，公司股价为15.03元，而其综合内在价值评估为36.49元。其中，贴现现金流(DCF)模型在10%的WACC和3%的永续增长率假设下，测算的合理价值为43.16元，较当前股价存在超过180%的潜在上行空间。即便在更保守的12% WACC假设下，其价值也达到33.35元。同时，市盈率(PE)估值带分析亦给出了29.81元的目标价。所有估值方法均指向同一结论：当前股价远未反映其内在价值，安全边际充足。\n\n## 风险与催化剂\n好的，遵照您的要求，我将以CFA级别股票分析师的身份，根据您提供的定量数据、估值、新闻摘要及公司背景，撰写关于中远海控（601919.SH）的风险与催化剂段落。\n\n---\n\n### **投资催化剂 (Investment Catalysts)**\n\n*   **显著的估值修复空间：** 公司当前股价（15.03元）远低于我们基于多种方法测算的内在价值。具体而言，我们的DCF模型得出每股43.16元的公允价值，即使在更保守的市盈率通道法下，估值也达到29.81元，这表明当前市场定价可能未充分反映公司的长期盈利能力与资产价值，存在超过100%的潜在上涨空间 **(来源：定量)**。随着市场对公司稳健基本面的认知加深，我们预计将出现强劲的估值修复行情。\n\n*   **积极的股东回报与稳健的财务状况：** 公司正积极通过二级市场回购A股股份，截至2025年11月底已投入约7.48亿元人民币，这不仅直接提振了每股收益，更向市场传递了管理层对公司内在价值的坚定信心 **(来源：新闻)**。支撑这一举措的是公司卓越的财务健康状况：自由现金流利润率高达22.0%，资产负债率仅为2.9%，且几乎没有有息负债（净负债权益比为6.2%），强大的现金生成能力和极低的杠杆水平为持续的股东回报（回购或分红）提供了坚实基础 **(来源：定量)**。\n\n*   **行业景气度回升，运价具备上涨动力：** 进入四季度，集运市场迎来多重利好。地缘政治冲突导致部分运力绕行，叠加传统旺季需求，共同推高了即期运价。波罗的海干散货指数（BDI）创下近期新高，反映出整体航运市场的积极情绪 **(来源：新闻)**。同时，公司展现出卓越的运营韧性，通过优化航线结构和成本控制，在第三季度实现了优于同行的业绩表现，证明其有能力在市场回暖时更高效地捕捉利润 **(来源：新闻)**。\n\n### **风险因素 (Risk Factors)**\n\n*   **地缘政治冲突加剧，运营成本与不确定性上升：** 红海地区的军事冲突持续升级，胡塞武装将美英船只列为打击目标，导致全球主要航运公司被迫暂停红海航线，绕行非洲好望角。此举不仅使亚欧航线航程增加约两周，显著推高了燃油、保险及其他运营成本，还对全球供应链的准时性和稳定性构成严重威胁 **(来源：新闻)**。尽管绕行短期内可能因有效运力减少而推高即期运价，但长期来看，成本的持续上升和航线的不确定性将侵蚀公司利润并增加运营风险。\n\n*   **全球宏观经济波动与贸易需求放缓：** 作为典型的周期性行业，集装箱航运业高度依赖全球宏观经济和国际贸易的景气度。若全球主要经济体（如欧美）未来陷入衰退或经济增长显著放缓，将直接抑制消费品和制成品的需求，导致全球货运量萎缩。这将对集运市场的长期运价水平构成结构性压力，从而影响公司的收入和盈利能力 **(来源：定性)**。\n\n*   **行业运力供给过剩的长期风险：** 过去几年行业高景气度催生了大量新船订单，这些新增运力将在未来几年内集中交付。尽管当前地缘政治因素暂时吸收了部分过剩运力，但一旦地区局势缓和，航线恢复正常，市场可能面临供过于求的局面。长期的运力过剩将导致船公司之间竞争加剧，并对运价形成持续的下行压力，是行业面临的核心中期风险 **(来源：定性)**。\n\n## 数据异常与提示\n- 增长异常：['revenue changed -43.6% at 2024-12-31 00:00:00', 'revenue changed 61.2% at 2024-09-30 00:00:00', 'revenue changed 185.4% at 2024-06-30 00:00:00', 'revenue changed -70.1% at 2024-03-31 00:00:00', 'revenue changed 121.8% at 2024-03-31 00:00:00', 'revenue changed 53.4% at 2023-12-31 00:00:00', 'revenue changed -90.6% at 2023-06-30 00:00:00', 'revenue changed 112.4% at 2023-03-31 00:00:00', 'revenue changed 69.3% at 2022-12-31 00:00:00', 'revenue changed 44.1% at 2022-12-31 00:00:00', 'revenue changed -68.8% at 2022-09-30 00:00:00', 'revenue changed 119.4% at 2022-06-30 00:00:00', 'revenue changed 56.4% at 2022-03-31 00:00:00', 'revenue changed 34.9% at 2022-03-31 00:00:00', 'revenue changed -79.6% at 2021-12-31 00:00:00', 'revenue changed 108.2% at 2021-12-31 00:00:00', 'revenue changed 53.3% at 2021-09-30 00:00:00', 'revenue changed 31.4% at 2021-09-30 00:00:00', 'revenue changed -77.2% at 2021-06-30 00:00:00', 'revenue changed 120.8% at 2021-03-31 00:00:00', 'revenue changed 55.0% at 2020-12-31 00:00:00', 'revenue changed 34.2% at 2020-12-31 00:00:00', 'revenue changed -78.9% at 2020-09-30 00:00:00', 'revenue changed 98.3% at 2020-09-30 00:00:00', 'revenue changed 52.6% at 2020-06-30 00:00:00', 'revenue changed 34.4% at 2020-06-30 00:00:00', 'revenue changed -77.1% at 2020-03-31 00:00:00', 'revenue changed 110.7% at 2020-03-31 00:00:00', 'revenue changed 58.4% at 2019-12-31 00:00:00', 'revenue changed 35.7% at 2019-12-31 00:00:00', 'revenue changed -77.0% at 2019-09-30 00:00:00', 'revenue changed 102.0% at 2019-06-30 00:00:00', 'revenue changed 47.2% at 2019-06-30 00:00:00', 'revenue changed 30.3% at 2019-03-31 00:00:00', 'revenue changed -74.6% at 2018-12-31 00:00:00', 'revenue changed 111.8% at 2018-12-31 00:00:00', 'revenue changed 61.2% at 2018-09-30 00:00:00', 'revenue changed 42.7% at 2018-09-30 00:00:00', 'revenue changed -71.8% at 2018-06-30 00:00:00', 'revenue changed 116.2% at 2018-06-30 00:00:00', 'revenue changed 55.5% at 2018-03-31 00:00:00', 'revenue changed 33.8% at 2017-12-31 00:00:00', 'revenue changed -75.8% at 2017-09-30 00:00:00', 'revenue changed 105.6% at 2017-06-30 00:00:00', 'revenue changed 82.2% at 2016-12-31 00:00:00', 'revenue changed 47.1% at 2016-06-30 00:00:00', 'revenue changed -71.0% at 2015-12-31 00:00:00', 'revenue changed 105.6% at 2015-09-30 00:00:00', 'revenue changed 54.8% at 2015-03-31 00:00:00', 'revenue changed 35.3% at 2014-09-30 00:00:00', 'revenue changed -76.1% at 2014-03-31 00:00:00', 'revenue changed 105.1% at 2013-12-31 00:00:00', 'revenue changed 59.0% at 2013-06-30 00:00:00', 'revenue changed 45.5% at 2012-12-31 00:00:00', 'revenue changed -62.1% at 2012-06-30 00:00:00', 'revenue changed 114.8% at 2012-03-31 00:00:00', 'revenue changed 66.2% at 2011-09-30 00:00:00', 'revenue changed 44.2% at 2011-06-30 00:00:00', 'revenue changed -68.4% at 2010-12-31 00:00:00', 'revenue changed 99.7% at 2010-06-30 00:00:00', 'revenue changed 50.2% at 2010-03-31 00:00:00', 'revenue changed -87.9% at 2009-06-30 00:00:00', 'revenue changed 94.0% at 2009-03-31 00:00:00', 'revenue changed 46.5% at 2008-12-31 00:00:00', 'revenue changed 30.4% at 2008-09-30 00:00:00', 'revenue changed -72.5% at 2008-03-31 00:00:00', 'revenue changed 109.7% at 2007-12-31 00:00:00', 'revenue changed 72.7% at 2007-09-30 00:00:00', 'revenue changed 33.8% at 2007-06-30 00:00:00', 'revenue changed -75.2% at 2006-12-31 00:00:00', 'revenue changed 88.2% at 2004-12-31 00:00:00', 'revenue changed 53.6% at 2002-12-31 00:00:00', 'net_income changed -298.9% at 2025-06-30 00:00:00', 'net_income changed 109.5% at 2025-06-30 00:00:00', 'net_income changed -56.6% at 2025-03-31 00:00:00', 'net_income changed -37.5% at 2024-12-31 00:00:00', 'net_income changed 71.4% at 2024-09-30 00:00:00', 'net_income changed 732.1% at 2024-06-30 00:00:00', 'net_income changed -69.3% at 2024-03-31 00:00:00', 'net_income changed 132.7% at 2024-03-31 00:00:00', 'net_income changed 39.5% at 2023-12-31 00:00:00', 'net_income changed -42.6% at 2023-09-30 00:00:00', 'net_income changed -126.3% at 2023-06-30 00:00:00', 'net_income changed 32.3% at 2023-03-31 00:00:00', 'net_income changed 44.7% at 2022-12-31 00:00:00', 'net_income changed -116.2% at 2022-09-30 00:00:00', 'net_income changed 265.5% at 2022-06-30 00:00:00', 'net_income changed 64.0% at 2022-03-31 00:00:00', 'net_income changed -100.9% at 2021-12-31 00:00:00', 'net_income changed 2461.7% at 2021-12-31 00:00:00', 'net_income changed 93.5% at 2021-09-30 00:00:00', 'net_income changed 162.0% at 2021-09-30 00:00:00', 'net_income changed -73.1% at 2021-06-30 00:00:00', 'net_income changed 73.3% at 2021-03-31 00:00:00', 'net_income changed 54.9% at 2020-12-31 00:00:00', 'net_income changed -79.0% at 2020-09-30 00:00:00', 'net_income changed -164.6% at 2020-09-30 00:00:00', 'net_income changed -66.6% at 2020-06-30 00:00:00', 'net_income changed 680.1% at 2020-06-30 00:00:00', 'net_income changed -156.4% at 2020-03-31 00:00:00', 'net_income changed -117.8% at 2019-12-31 00:00:00', 'net_income changed 420.9% at 2019-12-31 00:00:00', 'net_income changed -147.0% at 2019-09-30 00:00:00', 'net_income changed -450.5% at 2019-06-30 00:00:00', 'net_income changed -54.5% at 2019-06-30 00:00:00', 'net_income changed 54.2% at 2019-03-31 00:00:00', 'net_income changed -343.9% at 2018-12-31 00:00:00', 'net_income changed 55.5% at 2018-12-31 00:00:00', 'net_income changed -105.3% at 2018-06-30 00:00:00', 'net_income changed 609.6% at 2018-06-30 00:00:00', 'net_income changed 34.3% at 2018-03-31 00:00:00', 'net_income changed -89.7% at 2017-09-30 00:00:00', 'net_income changed 55.2% at 2017-06-30 00:00:00', 'net_income changed 176.9% at 2016-12-31 00:00:00', 'net_income changed 42.1% at 2016-06-30 00:00:00', 'net_income changed -63.9% at 2015-12-31 00:00:00', 'net_income changed 98.5% at 2015-09-30 00:00:00', 'net_income changed 62.6% at 2015-03-31 00:00:00', 'net_income changed 193.7% at 2014-09-30 00:00:00', 'net_income changed -93.5% at 2014-03-31 00:00:00', 'net_income changed 187.5% at 2013-12-31 00:00:00', 'net_income changed 185.4% at 2013-06-30 00:00:00', 'net_income changed 138.4% at 2012-12-31 00:00:00', 'net_income changed 34.9% at 2012-06-30 00:00:00', 'net_income changed 140.9% at 2012-03-31 00:00:00', 'net_income changed 82.0% at 2011-09-30 00:00:00', 'net_income changed 33.1% at 2011-06-30 00:00:00', 'net_income changed -68.7% at 2010-12-31 00:00:00', 'net_income changed 135.6% at 2010-06-30 00:00:00', 'net_income changed 50.3% at 2010-03-31 00:00:00', 'net_income changed -93.5% at 2009-06-30 00:00:00', 'net_income changed 129.3% at 2009-03-31 00:00:00', 'net_income changed 32.1% at 2008-12-31 00:00:00', 'net_income changed -72.9% at 2008-03-31 00:00:00', 'net_income changed 150.7% at 2007-12-31 00:00:00', 'net_income changed 125.1% at 2007-09-30 00:00:00', 'net_income changed -76.1% at 2006-12-31 00:00:00', 'net_income changed 52.7% at 2004-12-31 00:00:00', 'net_income changed 52.3% at 2002-12-31 00:00:00']\n- 盈利异常：无\n\n## 复核摘要\n好的，已完成复核。以下是检查结果：\n\n*   **[错误] 估值与比率数据矛盾**\n    *   原因：`valuation`模块中使用了市盈率通道法 (`pe_band`) 并得出了29.81的公允价值，但`ratios`模块中的市盈率 (`pe`) 指标却为`nan` (无法计算)。在无法计算当前市盈率的情况下使用市盈率通道法进行估值，存在严重的方法论矛盾。必须解释`pe_band`的计算基准（例如，是基于预测每股收益还是历史平均市盈率），否则该估值结果不可信。\n\n*   **[错误] 核心叙事段落缺失**\n    *   原因：任务要求检查`company_intro` / `industry_analysis` / `growth_analysis` / `financial_analysis` / `valuation_analysis` / `risk_catalyst`等叙事段落，但输入内容中并未提供这些段落。`news_digest`中的“Reduce”部分仅能部分替代`risk_catalyst`和`growth_analysis`，但远非完整的分析报告。\n\n*   **[错误] 关键定性与异常提示模块缺失**\n    *   原因：任务要求检查`qual_notes` (定性要点) 和 `anomalies` (数据异常提示) 模块，但输入内容缺失。这导致一些关键的量化异常（如下文提到的CAGR为nan）没有在专门的模块中被指出和解释。\n\n*   **[警告] 关键量化指标异常且未解释**\n    *   原因：`growth_curve`数据显示，净利润的复合年增长率 (`net_income_cagr`) 为`nan`。这通常意味着基期数据存在负值或零，导致无法进行有意义的计算。这是一个重要的数据异常，应在`financial_analysis`或`anomalies`部分进行解释，但相关内容缺失。\n\n*   **[警告] 新闻摘要引用不够明确**\n    *   原因：`news_digest`的“Reduce”部分（叙事摘要）综合了“Map”部分（新闻列表）的信息，但并未在关键论断处直接注明来源。例如，“波罗的海干散货指数（BDI）在11月底创下近两年新高”和“根据券商研报分析，公司通过优化航线布局...”等关键信息，虽然来源在“Map”中有列出（[智通财经]、[浙商证券]），但在总结段落中未能直接对应，降低了可追溯性。\n\n*   **[通过] 量化结果与新闻摘要基本一致**\n    *   原因：`growth_curve`中高达53.6%的营收同比增长（`revenue_yoy`）与新闻中提到的“集运市场价格持续攀升”、“业绩超预期”等积极信息相符。此外，新闻中提到的公司回购约5000万股耗资7.48亿元，计算得出平均回购价约为14.96元，与`current_price`（15.03元）高度一致，交叉验证通过。\n\n---\n**结论：需要重写/补充的段落**\n\n基于以上问题，以下部分需要进行重大修改或从头开始撰写：\n\n1.  **`valuation_analysis`**: 必须重写。需要详细解释`pe_band`估值的逻辑基础，解决其与当前PE比率缺失的矛盾。同时，需结合DCF估值（43.16）和当前股价（15.03），对巨大的估值差异进行深入分析和讨论。\n2.  **所有缺失的叙事段落**: 包括`company_intro`, `industry_analysis`, `growth_analysis`, `financial_analysis`, `risk_catalyst`。需要基于量化数据和新闻信息进行全面撰写，以构成一份完整的分析报告。\n3.  **`anomalies` / `financial_analysis`**: 需要补充内容，对`net_income_cagr`为`nan`等数据异常点进行解释。\n\n## QA 检查\n- 通过：是\n- 缺失叙事：无\n- 检查项：\n  - 财报数据已加载：通过\n  - 行情窗口可用：通过\n  - 财务比率已计算：通过\n  - 估值结果已生成：通过\n  - 新闻摘要可用：通过\n  - 定性研究可用：通过\n  - 叙事段落: 公司简介：通过\n  - 叙事段落: 行业分析：通过\n  - 叙事段落: 成长性：通过\n  - 叙事段落: 财务分析：通过\n  - 叙事段落: 估值解读：通过\n  - 风险与催化剂：通过\n  - 复核报告可用：通过\n  - 异常检测结果可用：通过\n  - Markdown 报告已渲染：通过\n  - 新闻段落包含来源格式：通过\n  - 定性要点包含来源格式：通过\n- 重写建议：\n  - 无\n\n## Charts\n- ![Price Trend](/mnt/d/Work/A Stock Agent/CodexEnv/reports/charts/601919.SH_price.png) — Price Trend\n- ![Revenue/Net Income Trend](/mnt/d/Work/A Stock Agent/CodexEnv/reports/charts/601919.SH_revenue_netincome.png) — Revenue/Net Income Trend\n\n---\n\n*本报告由 LangGraph 工作流自动生成，定量结果来源于项目内置数据流水线。*",
  "html_report": "<!DOCTYPE html>\n<html lang=\"zh-CN\">\n<head>\n  <meta charset=\"UTF-8\" />\n  <title>COSCO SHIPPING Holdings 研究报告</title>\n  <style>\n    :root {\n      --bg: #0f172a;\n      --card: #111827;\n      --text: #e2e8f0;\n      --muted: #94a3b8;\n      --accent: #38bdf8;\n      --warn: #f59e0b;\n      --error: #f43f5e;\n    }\n    body { margin: 0; font-family: 'Segoe UI', 'Helvetica Neue', Arial, sans-serif; background: var(--bg); color: var(--text); }\n    header { padding: 24px 32px; border-bottom: 1px solid #1f2937; }\n    h1 { margin: 0; font-size: 28px; }\n    .meta { color: var(--muted); margin-top: 6px; }\n    main { padding: 24px 32px 48px; display: grid; gap: 16px; max-width: 1080px; }\n    .section { background: var(--card); border: 1px solid #1f2937; border-radius: 12px; padding: 18px 20px; box-shadow: 0 10px 30px rgba(0,0,0,0.25); }\n    .section h2 { margin: 0 0 10px; font-size: 20px; color: var(--accent); }\n    p { line-height: 1.6; margin: 6px 0; }\n    .tag { display: inline-block; padding: 2px 8px; border-radius: 999px; font-size: 12px; }\n    .tag.ok { background: rgba(56, 189, 248, 0.12); color: var(--accent); border: 1px solid rgba(56, 189, 248, 0.35); }\n    .tag.missing { background: rgba(244, 63, 94, 0.12); color: var(--error); border: 1px solid rgba(244, 63, 94, 0.35); }\n    ul { margin: 6px 0 0 18px; padding: 0; }\n    .grid { display: grid; grid-template-columns: repeat(auto-fit, minmax(320px, 1fr)); gap: 12px; }\n    .qa-list li { margin: 4px 0; }\n    .charts img { max-width: 100%; border-radius: 10px; border: 1px solid #1f2937; }\n\n    /* Print-friendly palette */\n    @media print {\n      :root {\n        --bg: #ffffff;\n        --card: #ffffff;\n        --text: #0f172a;\n        --muted: #334155;\n        --accent: #0f3d63;\n        --warn: #b45309;\n        --error: #b91c1c;\n      }\n      body { background: #ffffff; color: var(--text); }\n      header { border-bottom: 1px solid #e2e8f0; }\n      .section { background: #ffffff; border: 1px solid #e2e8f0; box-shadow: none; }\n      .charts img { border: 1px solid #e2e8f0; }\n    }\n  </style>\n</head>\n<body>\n  <header>\n    <h1>COSCO SHIPPING Holdings 深度研究报告</h1>\n    <div class=\"meta\">生成日期：2025-12-05 ｜ 代码：601919.SH</div>\n  </header>\n  <main>\n    <section class=\"section\">\n      <h2>核心观点</h2>\n      <p>我们认为中远海控具备显著的投资价值。首先，公司基本面坚如磐石，盈利能力强（净利率18.4%），财务杠杆极低（产权比率0.06），且拥有强大的自由现金流（FCF利润率22.0%）。其次，行业正迎来运价上行的有利催化，公司凭借其运营韧性与成本控制能力，有望充分受益。再次，尽管红海局势构成主要风险，增加了运营成本与不确定性，但公司已通过优化航线展现出应对能力。最后，当前股价（15.03元）较DCF估值（43.16元）存在巨大折价，公司自身积极的股票回购行动也印证了其价值被低估的判断。</p>\n    </section>\n\n    <div class=\"grid\">\n      <section class=\"section\">\n        <h2>公司简介</h2>\n        <p>中远海控 (601919.SH) 是全球领先的集装箱航运综合服务商。公司基本面稳健，近期通过积极的股份回购计划彰显其对自身价值的信心，截至2025年11月底已累计回购约7.48亿元人民币。面对复杂的外部环境，公司展现出卓越的运营韧性，通过优化航线布局与精细化成本管控，在2025年第三季度实现了优于行业的业绩表现。其货运量在部分航线承压的情况下，通过在其他航线，特别是亚洲区域内航线的增长，实现了4.91%的同比总货运量提升，显示了其强大的市场适应能力与管理效率。</p>\n      </section>\n      <section class=\"section\">\n        <h2>行业与竞争格局</h2>\n        <p>集运业正处在机遇与挑战并存的复杂局面。一方面，受益于航线重构、运力紧张及传统旺季需求，市场运价持续攀升，波罗的海干散货指数(BDI)创下新高，行业景气度显著回暖。各大航运公司亦上调新年度合同运价，试图锁定利润。另一方面，红海地区地缘政治风险急剧升级，美英空袭后胡塞武装宣布扩大打击目标，导致船只被迫绕行好望角。此举不仅大幅增加航行时间和运营成本，也给全球供应链的稳定性带来持续威胁。短期内，行业盈利能力将取决于运价上涨收益与绕航成本增加之间的博弈。</p>\n      </section>\n    </div>\n\n    <div class=\"grid\">\n      <section class=\"section\">\n        <h2>增长分析</h2>\n        <p>公司近期增长势头强劲，最新数据显示其营业收入与归母净利润的同比增长率分别高达53.62%和52.35%，反映了当前航运市场高景气度带来的显著效益。从长期视角看，公司过去95个报告期的营业收入复合年均增长率(CAGR)为9.92%，表明其具备稳健的长期扩张能力。尽管长期净利润CAGR数据缺失（可能因历史周期性亏损导致），但公司在2025年第三季度仍实现总货运量4.91%的同比增长，证明其在充满挑战的市场中依然能够凭借运营优化捕捉增长机会，增长韧性得到验证。</p>\n      </section>\n      <section class=\"section\">\n        <h2>财务表现</h2>\n        <p>截至2025年三季度末，公司财务状况极为健康。其盈利能力突出，营业利润率和净利润率分别为22.03%和18.37%，净资产收益率(ROE)达到13.26%。资产负债表异常坚实，资产负债率仅为2.89%，产权比率(D/E)低至0.062，利息保障倍数高达11.98倍，显示财务风险极低。公司现金流创造能力强大，自由现金流利润率高达21.97%，流动比率与速动比率分别为1.50和1.45，短期偿债能力无忧。此外，高达229.6天的应付账款周转天数，也反映了公司在产业链中强大的议价能力。</p>\n      </section>\n    </div>\n\n    <section class=\"section\">\n      <h2>估值与敏感性</h2>\n      <p>根据量化模型评估，中远海控的估值存在显著低估。截至2025年12月4日，公司股价为15.03元，而其综合内在价值评估为36.49元。其中，贴现现金流(DCF)模型在10%的WACC和3%的永续增长率假设下，测算的合理价值为43.16元，较当前股价存在超过180%的潜在上行空间。即便在更保守的12% WACC假设下，其价值也达到33.35元。同时，市盈率(PE)估值带分析亦给出了29.81元的目标价。所有估值方法均指向同一结论：当前股价远未反映其内在价值，安全边际充足。</p>\n    </section>\n\n    <section class=\"section\">\n      <h2>风险与催化剂</h2>\n      <p>好的，遵照您的要求，我将以CFA级别股票分析师的身份，根据您提供的定量数据、估值、新闻摘要及公司背景，撰写关于中远海控（601919.SH）的风险与催化剂段落。\n\n---\n\n### **投资催化剂 (Investment Catalysts)**\n\n*   **显著的估值修复空间：** 公司当前股价（15.03元）远低于我们基于多种方法测算的内在价值。具体而言，我们的DCF模型得出每股43.16元的公允价值，即使在更保守的市盈率通道法下，估值也达到29.81元，这表明当前市场定价可能未充分反映公司的长期盈利能力与资产价值，存在超过100%的潜在上涨空间 **(来源：定量)**。随着市场对公司稳健基本面的认知加深，我们预计将出现强劲的估值修复行情。\n\n*   **积极的股东回报与稳健的财务状况：** 公司正积极通过二级市场回购A股股份，截至2025年11月底已投入约7.48亿元人民币，这不仅直接提振了每股收益，更向市场传递了管理层对公司内在价值的坚定信心 **(来源：新闻)**。支撑这一举措的是公司卓越的财务健康状况：自由现金流利润率高达22.0%，资产负债率仅为2.9%，且几乎没有有息负债（净负债权益比为6.2%），强大的现金生成能力和极低的杠杆水平为持续的股东回报（回购或分红）提供了坚实基础 **(来源：定量)**。\n\n*   **行业景气度回升，运价具备上涨动力：** 进入四季度，集运市场迎来多重利好。地缘政治冲突导致部分运力绕行，叠加传统旺季需求，共同推高了即期运价。波罗的海干散货指数（BDI）创下近期新高，反映出整体航运市场的积极情绪 **(来源：新闻)**。同时，公司展现出卓越的运营韧性，通过优化航线结构和成本控制，在第三季度实现了优于同行的业绩表现，证明其有能力在市场回暖时更高效地捕捉利润 **(来源：新闻)**。\n\n### **风险因素 (Risk Factors)**\n\n*   **地缘政治冲突加剧，运营成本与不确定性上升：** 红海地区的军事冲突持续升级，胡塞武装将美英船只列为打击目标，导致全球主要航运公司被迫暂停红海航线，绕行非洲好望角。此举不仅使亚欧航线航程增加约两周，显著推高了燃油、保险及其他运营成本，还对全球供应链的准时性和稳定性构成严重威胁 **(来源：新闻)**。尽管绕行短期内可能因有效运力减少而推高即期运价，但长期来看，成本的持续上升和航线的不确定性将侵蚀公司利润并增加运营风险。\n\n*   **全球宏观经济波动与贸易需求放缓：** 作为典型的周期性行业，集装箱航运业高度依赖全球宏观经济和国际贸易的景气度。若全球主要经济体（如欧美）未来陷入衰退或经济增长显著放缓，将直接抑制消费品和制成品的需求，导致全球货运量萎缩。这将对集运市场的长期运价水平构成结构性压力，从而影响公司的收入和盈利能力 **(来源：定性)**。\n\n*   **行业运力供给过剩的长期风险：** 过去几年行业高景气度催生了大量新船订单，这些新增运力将在未来几年内集中交付。尽管当前地缘政治因素暂时吸收了部分过剩运力，但一旦地区局势缓和，航线恢复正常，市场可能面临供过于求的局面。长期的运力过剩将导致船公司之间竞争加剧，并对运价形成持续的下行压力，是行业面临的核心中期风险 **(来源：定性)**。</p>\n    </section>\n\n    <section class=\"section\">\n      <h2>数据异常与提示</h2>\n        <ul>\n          <li>增长异常：['revenue changed -43.6% at 2024-12-31 00:00:00', 'revenue changed 61.2% at 2024-09-30 00:00:00', 'revenue changed 185.4% at 2024-06-30 00:00:00', 'revenue changed -70.1% at 2024-03-31 00:00:00', 'revenue changed 121.8% at 2024-03-31 00:00:00', 'revenue changed 53.4% at 2023-12-31 00:00:00', 'revenue changed -90.6% at 2023-06-30 00:00:00', 'revenue changed 112.4% at 2023-03-31 00:00:00', 'revenue changed 69.3% at 2022-12-31 00:00:00', 'revenue changed 44.1% at 2022-12-31 00:00:00', 'revenue changed -68.8% at 2022-09-30 00:00:00', 'revenue changed 119.4% at 2022-06-30 00:00:00', 'revenue changed 56.4% at 2022-03-31 00:00:00', 'revenue changed 34.9% at 2022-03-31 00:00:00', 'revenue changed -79.6% at 2021-12-31 00:00:00', 'revenue changed 108.2% at 2021-12-31 00:00:00', 'revenue changed 53.3% at 2021-09-30 00:00:00', 'revenue changed 31.4% at 2021-09-30 00:00:00', 'revenue changed -77.2% at 2021-06-30 00:00:00', 'revenue changed 120.8% at 2021-03-31 00:00:00', 'revenue changed 55.0% at 2020-12-31 00:00:00', 'revenue changed 34.2% at 2020-12-31 00:00:00', 'revenue changed -78.9% at 2020-09-30 00:00:00', 'revenue changed 98.3% at 2020-09-30 00:00:00', 'revenue changed 52.6% at 2020-06-30 00:00:00', 'revenue changed 34.4% at 2020-06-30 00:00:00', 'revenue changed -77.1% at 2020-03-31 00:00:00', 'revenue changed 110.7% at 2020-03-31 00:00:00', 'revenue changed 58.4% at 2019-12-31 00:00:00', 'revenue changed 35.7% at 2019-12-31 00:00:00', 'revenue changed -77.0% at 2019-09-30 00:00:00', 'revenue changed 102.0% at 2019-06-30 00:00:00', 'revenue changed 47.2% at 2019-06-30 00:00:00', 'revenue changed 30.3% at 2019-03-31 00:00:00', 'revenue changed -74.6% at 2018-12-31 00:00:00', 'revenue changed 111.8% at 2018-12-31 00:00:00', 'revenue changed 61.2% at 2018-09-30 00:00:00', 'revenue changed 42.7% at 2018-09-30 00:00:00', 'revenue changed -71.8% at 2018-06-30 00:00:00', 'revenue changed 116.2% at 2018-06-30 00:00:00', 'revenue changed 55.5% at 2018-03-31 00:00:00', 'revenue changed 33.8% at 2017-12-31 00:00:00', 'revenue changed -75.8% at 2017-09-30 00:00:00', 'revenue changed 105.6% at 2017-06-30 00:00:00', 'revenue changed 82.2% at 2016-12-31 00:00:00', 'revenue changed 47.1% at 2016-06-30 00:00:00', 'revenue changed -71.0% at 2015-12-31 00:00:00', 'revenue changed 105.6% at 2015-09-30 00:00:00', 'revenue changed 54.8% at 2015-03-31 00:00:00', 'revenue changed 35.3% at 2014-09-30 00:00:00', 'revenue changed -76.1% at 2014-03-31 00:00:00', 'revenue changed 105.1% at 2013-12-31 00:00:00', 'revenue changed 59.0% at 2013-06-30 00:00:00', 'revenue changed 45.5% at 2012-12-31 00:00:00', 'revenue changed -62.1% at 2012-06-30 00:00:00', 'revenue changed 114.8% at 2012-03-31 00:00:00', 'revenue changed 66.2% at 2011-09-30 00:00:00', 'revenue changed 44.2% at 2011-06-30 00:00:00', 'revenue changed -68.4% at 2010-12-31 00:00:00', 'revenue changed 99.7% at 2010-06-30 00:00:00', 'revenue changed 50.2% at 2010-03-31 00:00:00', 'revenue changed -87.9% at 2009-06-30 00:00:00', 'revenue changed 94.0% at 2009-03-31 00:00:00', 'revenue changed 46.5% at 2008-12-31 00:00:00', 'revenue changed 30.4% at 2008-09-30 00:00:00', 'revenue changed -72.5% at 2008-03-31 00:00:00', 'revenue changed 109.7% at 2007-12-31 00:00:00', 'revenue changed 72.7% at 2007-09-30 00:00:00', 'revenue changed 33.8% at 2007-06-30 00:00:00', 'revenue changed -75.2% at 2006-12-31 00:00:00', 'revenue changed 88.2% at 2004-12-31 00:00:00', 'revenue changed 53.6% at 2002-12-31 00:00:00', 'net_income changed -298.9% at 2025-06-30 00:00:00', 'net_income changed 109.5% at 2025-06-30 00:00:00', 'net_income changed -56.6% at 2025-03-31 00:00:00', 'net_income changed -37.5% at 2024-12-31 00:00:00', 'net_income changed 71.4% at 2024-09-30 00:00:00', 'net_income changed 732.1% at 2024-06-30 00:00:00', 'net_income changed -69.3% at 2024-03-31 00:00:00', 'net_income changed 132.7% at 2024-03-31 00:00:00', 'net_income changed 39.5% at 2023-12-31 00:00:00', 'net_income changed -42.6% at 2023-09-30 00:00:00', 'net_income changed -126.3% at 2023-06-30 00:00:00', 'net_income changed 32.3% at 2023-03-31 00:00:00', 'net_income changed 44.7% at 2022-12-31 00:00:00', 'net_income changed -116.2% at 2022-09-30 00:00:00', 'net_income changed 265.5% at 2022-06-30 00:00:00', 'net_income changed 64.0% at 2022-03-31 00:00:00', 'net_income changed -100.9% at 2021-12-31 00:00:00', 'net_income changed 2461.7% at 2021-12-31 00:00:00', 'net_income changed 93.5% at 2021-09-30 00:00:00', 'net_income changed 162.0% at 2021-09-30 00:00:00', 'net_income changed -73.1% at 2021-06-30 00:00:00', 'net_income changed 73.3% at 2021-03-31 00:00:00', 'net_income changed 54.9% at 2020-12-31 00:00:00', 'net_income changed -79.0% at 2020-09-30 00:00:00', 'net_income changed -164.6% at 2020-09-30 00:00:00', 'net_income changed -66.6% at 2020-06-30 00:00:00', 'net_income changed 680.1% at 2020-06-30 00:00:00', 'net_income changed -156.4% at 2020-03-31 00:00:00', 'net_income changed -117.8% at 2019-12-31 00:00:00', 'net_income changed 420.9% at 2019-12-31 00:00:00', 'net_income changed -147.0% at 2019-09-30 00:00:00', 'net_income changed -450.5% at 2019-06-30 00:00:00', 'net_income changed -54.5% at 2019-06-30 00:00:00', 'net_income changed 54.2% at 2019-03-31 00:00:00', 'net_income changed -343.9% at 2018-12-31 00:00:00', 'net_income changed 55.5% at 2018-12-31 00:00:00', 'net_income changed -105.3% at 2018-06-30 00:00:00', 'net_income changed 609.6% at 2018-06-30 00:00:00', 'net_income changed 34.3% at 2018-03-31 00:00:00', 'net_income changed -89.7% at 2017-09-30 00:00:00', 'net_income changed 55.2% at 2017-06-30 00:00:00', 'net_income changed 176.9% at 2016-12-31 00:00:00', 'net_income changed 42.1% at 2016-06-30 00:00:00', 'net_income changed -63.9% at 2015-12-31 00:00:00', 'net_income changed 98.5% at 2015-09-30 00:00:00', 'net_income changed 62.6% at 2015-03-31 00:00:00', 'net_income changed 193.7% at 2014-09-30 00:00:00', 'net_income changed -93.5% at 2014-03-31 00:00:00', 'net_income changed 187.5% at 2013-12-31 00:00:00', 'net_income changed 185.4% at 2013-06-30 00:00:00', 'net_income changed 138.4% at 2012-12-31 00:00:00', 'net_income changed 34.9% at 2012-06-30 00:00:00', 'net_income changed 140.9% at 2012-03-31 00:00:00', 'net_income changed 82.0% at 2011-09-30 00:00:00', 'net_income changed 33.1% at 2011-06-30 00:00:00', 'net_income changed -68.7% at 2010-12-31 00:00:00', 'net_income changed 135.6% at 2010-06-30 00:00:00', 'net_income changed 50.3% at 2010-03-31 00:00:00', 'net_income changed -93.5% at 2009-06-30 00:00:00', 'net_income changed 129.3% at 2009-03-31 00:00:00', 'net_income changed 32.1% at 2008-12-31 00:00:00', 'net_income changed -72.9% at 2008-03-31 00:00:00', 'net_income changed 150.7% at 2007-12-31 00:00:00', 'net_income changed 125.1% at 2007-09-30 00:00:00', 'net_income changed -76.1% at 2006-12-31 00:00:00', 'net_income changed 52.7% at 2004-12-31 00:00:00', 'net_income changed 52.3% at 2002-12-31 00:00:00']</li>\n          <li>盈利异常：无</li>\n        </ul>\n    </section>\n\n    <section class=\"section\">\n      <h2>复核摘要</h2>\n        <div>好的，已完成复核。以下是检查结果：\n\n*   **[错误] 估值与比率数据矛盾**\n    *   原因：`valuation`模块中使用了市盈率通道法 (`pe_band`) 并得出了29.81的公允价值，但`ratios`模块中的市盈率 (`pe`) 指标却为`nan` (无法计算)。在无法计算当前市盈率的情况下使用市盈率通道法进行估值，存在严重的方法论矛盾。必须解释`pe_band`的计算基准（例如，是基于预测每股收益还是历史平均市盈率），否则该估值结果不可信。\n\n*   **[错误] 核心叙事段落缺失**\n    *   原因：任务要求检查`company_intro` / `industry_analysis` / `growth_analysis` / `financial_analysis` / `valuation_analysis` / `risk_catalyst`等叙事段落，但输入内容中并未提供这些段落。`news_digest`中的“Reduce”部分仅能部分替代`risk_catalyst`和`growth_analysis`，但远非完整的分析报告。\n\n*   **[错误] 关键定性与异常提示模块缺失**\n    *   原因：任务要求检查`qual_notes` (定性要点) 和 `anomalies` (数据异常提示) 模块，但输入内容缺失。这导致一些关键的量化异常（如下文提到的CAGR为nan）没有在专门的模块中被指出和解释。\n\n*   **[警告] 关键量化指标异常且未解释**\n    *   原因：`growth_curve`数据显示，净利润的复合年增长率 (`net_income_cagr`) 为`nan`。这通常意味着基期数据存在负值或零，导致无法进行有意义的计算。这是一个重要的数据异常，应在`financial_analysis`或`anomalies`部分进行解释，但相关内容缺失。\n\n*   **[警告] 新闻摘要引用不够明确**\n    *   原因：`news_digest`的“Reduce”部分（叙事摘要）综合了“Map”部分（新闻列表）的信息，但并未在关键论断处直接注明来源。例如，“波罗的海干散货指数（BDI）在11月底创下近两年新高”和“根据券商研报分析，公司通过优化航线布局...”等关键信息，虽然来源在“Map”中有列出（[智通财经]、[浙商证券]），但在总结段落中未能直接对应，降低了可追溯性。\n\n*   **[通过] 量化结果与新闻摘要基本一致**\n    *   原因：`growth_curve`中高达53.6%的营收同比增长（`revenue_yoy`）与新闻中提到的“集运市场价格持续攀升”、“业绩超预期”等积极信息相符。此外，新闻中提到的公司回购约5000万股耗资7.48亿元，计算得出平均回购价约为14.96元，与`current_price`（15.03元）高度一致，交叉验证通过。\n\n---\n**结论：需要重写/补充的段落**\n\n基于以上问题，以下部分需要进行重大修改或从头开始撰写：\n\n1.  **`valuation_analysis`**: 必须重写。需要详细解释`pe_band`估值的逻辑基础，解决其与当前PE比率缺失的矛盾。同时，需结合DCF估值（43.16）和当前股价（15.03），对巨大的估值差异进行深入分析和讨论。\n2.  **所有缺失的叙事段落**: 包括`company_intro`, `industry_analysis`, `growth_analysis`, `financial_analysis`, `risk_catalyst`。需要基于量化数据和新闻信息进行全面撰写，以构成一份完整的分析报告。\n3.  **`anomalies` / `financial_analysis`**: 需要补充内容，对`net_income_cagr`为`nan`等数据异常点进行解释。</div>\n    </section>\n\n    <section class=\"section\">\n      <h2>QA 检查</h2>\n        <p>通过：<span class=\"tag ok\">是</span></p>\n        <p>缺失叙事：无</p>\n        <div class=\"qa-list\">\n          <strong>检查项：</strong>\n          <ul>\n            <li>财报数据已加载：<span class=\"tag ok\">通过</span></li>\n            <li>行情窗口可用：<span class=\"tag ok\">通过</span></li>\n            <li>财务比率已计算：<span class=\"tag ok\">通过</span></li>\n            <li>估值结果已生成：<span class=\"tag ok\">通过</span></li>\n            <li>新闻摘要可用：<span class=\"tag ok\">通过</span></li>\n            <li>定性研究可用：<span class=\"tag ok\">通过</span></li>\n            <li>叙事段落: 公司简介：<span class=\"tag ok\">通过</span></li>\n            <li>叙事段落: 行业分析：<span class=\"tag ok\">通过</span></li>\n            <li>叙事段落: 成长性：<span class=\"tag ok\">通过</span></li>\n            <li>叙事段落: 财务分析：<span class=\"tag ok\">通过</span></li>\n            <li>叙事段落: 估值解读：<span class=\"tag ok\">通过</span></li>\n            <li>风险与催化剂：<span class=\"tag ok\">通过</span></li>\n            <li>复核报告可用：<span class=\"tag ok\">通过</span></li>\n            <li>异常检测结果可用：<span class=\"tag ok\">通过</span></li>\n            <li>Markdown 报告已渲染：<span class=\"tag ok\">通过</span></li>\n            <li>新闻段落包含来源格式：<span class=\"tag ok\">通过</span></li>\n            <li>定性要点包含来源格式：<span class=\"tag ok\">通过</span></li>\n          </ul>\n        </div>\n        <div class=\"qa-list\">\n          <strong>重写建议：</strong>\n            <p>无</p>\n        </div>\n    </section>\n\n    <section class=\"section charts\">\n      <h2>Charts</h2>\n      <ul>\n        <li><img src=\"/mnt/d/Work/A Stock Agent/CodexEnv/reports/charts/601919.SH_price.png\" alt=\"Price Trend\" /><div style=\"color:var(--muted); margin-top:4px;\">Price Trend</div></li>\n        <li><img src=\"/mnt/d/Work/A Stock Agent/CodexEnv/reports/charts/601919.SH_revenue_netincome.png\" alt=\"Revenue/Net Income Trend\" /><div style=\"color:var(--muted); margin-top:4px;\">Revenue/Net Income Trend</div></li>\n      </ul>\n    </section>\n  </main>\n</body>\n</html>",
  "rewrite_requests": [],
  "qa_report": {
    "passed": true,
    "checks": [
      {
        "key": "financials",
        "label": "财报数据已加载",
        "status": "ok"
      },
      {
        "key": "price_history",
        "label": "行情窗口可用",
        "status": "ok"
      },
      {
        "key": "ratios",
        "label": "财务比率已计算",
        "status": "ok"
      },
      {
        "key": "valuation",
        "label": "估值结果已生成",
        "status": "ok"
      },
      {
        "key": "news_digest",
        "label": "新闻摘要可用",
        "status": "ok"
      },
      {
        "key": "qual_notes",
        "label": "定性研究可用",
        "status": "ok"
      },
      {
        "key": "company_intro",
        "label": "叙事段落: 公司简介",
        "status": "ok"
      },
      {
        "key": "industry_analysis",
        "label": "叙事段落: 行业分析",
        "status": "ok"
      },
      {
        "key": "growth_analysis",
        "label": "叙事段落: 成长性",
        "status": "ok"
      },
      {
        "key": "financial_analysis",
        "label": "叙事段落: 财务分析",
        "status": "ok"
      },
      {
        "key": "valuation_analysis",
        "label": "叙事段落: 估值解读",
        "status": "ok"
      },
      {
        "key": "risk_catalyst",
        "label": "风险与催化剂",
        "status": "ok"
      },
      {
        "key": "review_report",
        "label": "复核报告可用",
        "status": "ok"
      },
      {
        "key": "anomalies",
        "label": "异常检测结果可用",
        "status": "ok"
      },
      {
        "key": "markdown_report",
        "label": "Markdown 报告已渲染",
        "status": "ok"
      },
      {
        "key": "citations_news",
        "label": "新闻段落包含来源格式",
        "status": "ok"
      },
      {
        "key": "citations_qual",
        "label": "定性要点包含来源格式",
        "status": "ok"
      }
    ],
    "missing_narratives": [],
    "rewrite_requests": []
  }
}